3200 5159
442 540 446 545 -
532 511 690 578 menn
721 512 789 579 ix.
1149 541 1195 612 19

122 646 200 715 data
214 642 444 735 Quocumque
459 639 526 710 diei
540 653 690 735 tempore
704 639 930 712 inclamatusa
943 666 1067 737 puero,
1077 671 1194 740 quam·
1214 676 1230 730 3

122 754 166 821 vis
179 747 330 821 occultus
348 762 452 843 atque
468 746 616 835 abditus,
639 749 764 817 eximo
791 745 995 819 advolabat:
1017 767 1196 850 pastusque

123 882 248 927 emanu
263 856 440 952 praebebat
448 879 628 925 ascensuro
641 853 796 942 dorsum,
817 856 927 950 pinnae
940 846 1091 929 aculeos⁵
1103 861 1196 931 velut

123 966 232 1059 sagina
242 962 410 1033 condens:
424 976 662 1056 receptumque
675 960 830 1031 Puteolos
839 988 899 1058 per
908 986 1066 1058 magnum
1082 992 1196 1063 aequor

97 1064 100 1069 ’
121 1074 153 1141 iu
168 1071 285 1140 ludum
305 1070 459 1154 ferebat,
477 1066 575 1139 simili
593 1067 695 1137 modo
720 1067 883 1138 revehens
901 1068 1052 1165 pluribus
1074 1076 1195 1145 annis:

122 1178 220 1253 donec
229 1178 352 1247 morbo
361 1178 526 1246 exstineto
535 1200 657 1270 puero,
669 1174 809 1246 subinde
821 1175 864 1246 ad
876 1192 1074 1247 consuetum
1084 1178 1196 1251 locum

119 1286 299 1369 ventitans,
323 1286 428 1353 tristis
448 1297 482 1353 et
500 1284 655 1351 moerenti
677 1281 806 1371 similis,
827 1284 898 1378 ipse
919 1308 1052 1379 quoque
1071 1276 1086 1376 (
1105 1289 1196 1383 quod

120 1416 212 1461 nemo
231 1378 427 1479 dubitaret)
446 1388 608 1459 desiderio
627 1390 817 1482 exspiravit

168 1497 261 1568 Alius
275 1482 386 1567 intra⁶
402 1497 465 1566 hos
480 1520 584 1566 annos
599 1496 632 1565 in
648 1494 762 1566 Africo
784 1494 895 1565 littore
908 1498 1074 1593 Hipponis
1091 1500 1193 1570 Diar-
1212 1538 1230 1595 4

121 1607 223 1703 rhyti‚
244 1603 346 1674 simili
367 1603 469 1673 modo
485 1628 526 1671 ex
538 1603 712 1672 hominum
722 1626 825 1671 manu
842 1627 1003 1690 vescens,
1025 1594 1195 1699 praelieus·

120 1738 179 1809 que
200 1737 236 1782 se
256 1710 492 1795 tractandum,
510 1724 545 1778 et
561 1707 710 1779 alludens
728 1710 938 1796 natantibus,
956 1712 1196 1809 impositosque

120 1826 270 1915 portans,
282 1832 458 1913 unguento
463 1830 645 1912 perunctus
655 1839 674 1883 a
683 1814 843 1886 Flaviano
853 1815 1055 1911 proconsule
1064 1818 1194 1908 Africae,

120 1943 151 1996 et
169 1929 297 2023 sopitus
318 1917 332 2011 (
348 1940 388 1994 ut
404 1915 586 2019 apparuit)
608 1922 720 1992 odoris
741 1924 906 2012 novitate,
928 1923 1194 2021 fluctuatusque⁷

121 2033 229 2104 similis
247 2034 411 2119 exanimi,
427 2029 717 2100 caruithoininum
731 2031 1003 2116 conversatione,
1025 2045 1064 2100 ut
1075 2033 1196 2127 injuria

121 2140 267 2237 fugatus,
289 2163 352 2235 per
369 2137 496 2233 aliquot
512 2161 642 2207 menses
658 2162 666 2204 :
684 2160 763 2205 mox
780 2161 934 2207 reversus
947 2138 981 2207 in
999 2137 1118 2208 eodem
1133 2142 1194 2209 uri·

113 2416 174 2479 qm
187 2418 218 2453 ex
228 2366 325 2453 Indice
332 2396 433 2469 operis,
444 2408 501 2449 tum
510 2394 590 2447 etiam
599 2412 633 2447 ex
677 2389 763 2463 phino
777 2408 834 2445 esse
849 2389 966 2444 multum
981 2391 1048 2443 infra
1061 2404 1194 2459 rostrum,

120 2480 223 2547 sobbe,
239 2498 302 2553 cap.
316 2496 400 2533 xvu:
422 2476 561 2548 «Pigeret,
580 2474 632 2539 ait,
676 2483 757 2543 atque
772 2471 802 2523 iu
815 2470 905 2524 medio
918 2489 994 2543 pene
1007 2484 1099 2525 ventre
1115 2493 1123 2526 :
1138 2492 1194 2527 non

120 2580 268 2615 merare
289 2560 361 2623 hoc,
382 2558 411 2611 ni
432 2553 583 2610 Maecenatis
607 2565 633 2606 et
677 2549 786 2603 dorsum
801 2549 883 2604 modo
903 2548 1053 2620 repandum
1072 2563 1191 2623 negant:

121 2642 244 2705 Fabiani,
273 2640 477 2709 multorumque
505 2645 632 2707 praterea
677 2631 725 2685 aed
734 2645 834 2704 negant
847 2630 927 2685 etiam
940 2631 968 2684 in
978 2631 1194 2701 dorsoIistulam‚

119 2720 282 2775 mmai,
293 2712 635 2791 eomprehenaum··Ull¹¹¹f
678 2730 761 2784 quam
775 2730 833 2765 esse
847 2712 870 2764 ei
881 2712 910 2765 in
923 2711 1011 2783 eapite
1020 2712 1116 2767 volunt
1129 2733 1137 2766 ε
1148 2734 1195 2769 ue·

119 2803 195 2855 eriam
207 2800 366 2857 testimonio
379 2797 459 2869 hujus
469 2792 578 2848 Fabiani
590 2792 633 2846 Se·
677 2803 742 2861 gant
750 2790 778 2842 in
786 2790 862 2863 spina
871 2788 943 2843 doni
956 2802 1058 2845 exstare
1069 2791 1192 2861 aculeos,

119 2902 194 2947 neca,
207 2882 237 2935 in
253 2882 324 2934 libro
339 2878 373 2931 de
392 2874 581 2931 Consolatione
597 2870 631 2926 ad
677 2888 737 2941 quo
750 2882 842 2922 tamen
854 2874 981 2922 cultellata
990 2874 1076 2940 spina,
1086 2873 1129 2926 vel
1134 2877 1192 2943 pria·

118 2963 257 3027 Marciam,
269 2972 297 3014 et
311 2957 377 3012 alibi
387 2954 551 3028 seper.
561 2957 634 3003 -Er
677 2970 721 3012 ua,
739 2948 839 3002 dicitur
856 2948 903 3001 lib.
915 2950 998 3015 VIII,
1008 2968 1066 3023 cap.
1088 2952 1138 3018 38,
1153 2967 1193 3007 at·

117 3044 227 3093 pah-„p
239 3041 279 3092 Εχ
291 3038 472 3106 s01in0‚cap.
483 3050 535 3095 κη,
548 3050 576 3102 p.
589 3032 631 3094 32,
676 3047 730 3101 que
746 3028 814 3081 adeo
833 3028 946 3099 insigues
961 3044 1039 3083 notas
1058 3028 1192 3102 delphinis

117 3123 152 3175 ἢ,
164 3119 365 3191 ,ιω-ἱμίιηω,
381 3133 441 3169 cnm
452 3112 583 3174 Plotinae,
592 3121 633 3175 et,
677 3108 809 3173 adimunt,
818 3106 914 3178 quibus
926 3110 1024 3162 summi
1036 3128 1068 3163 ao
1083 3109 1193 3183 diligen·

117 3199 186 3273 quod
206 3199 306 3253 cenius
323 3195 413 3257 adhuc
429 3194 507 3265 louge
526 3200 582 3254 est,
601 3207 633 3241 ex
677 3200 716 3243 tes
734 3189 763 3242 iu
785 3200 889 3241 nature
907 3188 1111 3262 investigatione
1126 3193 1191 3259 viri,

118 3269 632 3353 ipsolndiceoperinhuiussquufflPflffl
676 3268 843 3334 Aristotelea,
860 3266 975 3330 Plinius,
986 3268 1191 3341 ceterique‚se-

117 3362 228 3413 Flaviani
236 3373 381 3430 perperam
392 3353 543 3424 legeretur:
558 3346 632 3420 quod
676 3347 751 3402 cerui
766 3366 813 3400 eos
826 3346 1002 3419 dignoscique
1014 3349 1124 3402 voluere
1137 3370 1144 3403 :
1162 3363 1192 3403 ut

118 3441 196 3513 paulo
209 3457 274 3491 mox
286 3434 429 3488 Flavianus
449 3429 551 3483 seilicet
570 3446 632 3498 pro·
676 3426 866 3481 nobisinterinr
874 3425 1191 3498 delphinumobtrudant,

117 3520 205 3573 comui
219 3516 318 3571 Africae
328 3512 489 3585 appellatur,
500 3507 556 3561 hue
570 3526 631 3559 eum
675 3525 730 3559 non
741 3507 849 3578 qualem
858 3507 930 3557 Deus
942 3505 1057 3573 creavit,
1067 3508 1113 3561 sed
1124 3528 1190 3581 qun·

118 3617 220 3672 quoqne
242 3590 433 3649 advehendum
456 3604 631 3641 amanuenses
676 3584 729 3639 lem
742 3585 827 3638 libido
838 3585 1031 3656 arbitriumque
1039 3584 1125 3639 finxit.
1138 3588 1174 3643 ll.

118 3688 248 3751 putarunt.
263 3674 354 3727 Hanu.
712 3668 737 3718 6.
748 3668 903 3717 Aliusintra.
913 3664 1063 3735 Oppianus,
1073 3665 1190 3724 Halieut.

151 3760 175 3813 5.
186 3761 278 3809 Pinna
288 3756 401 3805 aculeos.
413 3748 456 3803 stc
465 3746 552 3820 Apion
561 3742 632 3813 apud
676 3743 722 3797 lib.
733 3744 768 3807 V,
785 3762 857 3797 vers.
878 3744 947 3811 453,
962 3753 990 3795 et
1010 3742 1118 3798 Solinus
1130 3747 1191 3803 loeo

120 3837 180 3891 Gen·
194 3836 238 3895 τὰς
262 3833 370 3891 ἀκάνθας
389 3830 544 3900 eripiemus.
563 3824 633 3878 Con·
676 3824 764 3878 citato.
777 3822 869 3875 Hm>-

119 3936 225 3990 mum
235 3932 305 3969 mo
316 3912 371 3964 hoc
384 3928 440 3962 non
452 3906 632 3979 queuntflon.
713 3900 1034 3974 7.1t1uceuanuque.Solini
1043 3907 1192 3977 paraphra-

118 3985 633 4062 addim,“iniquequimmuinum
677 3982 731 4036 sis:
753 3982 830 4036 ·Pro
851 3981 965 4034 exanimi
982 3983 1119 4053 jactitares
1141 3986 1191 4039 ali-

116 4077 270 4151 detphinum
294 4089 354 4125 ease
375 4065 549 4120 contendunt.
571 4065 633 4117 Non
678 4060 1189 4134 quantisper··l’lini⁰⁸2llb·1v20·²²³
1300 4090 1311 4107 ⁹

114 4176 140 4211 ω
151 4156 247 4219 modo,
260 4153 304 4209 „fi
314 4148 450 4211 diximus,
461 4156 560 4217 negent
574 4142 635 4199 del·
678 4167 692 4189 «
700 4142 778 4196 Delos
788 4140 837 4196 din
844 4140 989 4209 fluctuata,
1000 4152 1050 4194 etc.
1061 4166 1073 4189 ι
1084 4142 1172 4197 Hann.

1024 4248 1060 4321 2²
