3200 5159
376 522 425 609 la
633 522 674 591 c.
702 518 875 590 amun
903 516 1013 589 nar.
1049 522 1180 590 msr.

375 654 479 739 binis,
514 676 570 722 sex
594 650 806 739 cubitorum,
832 652 1010 739 caeruleos,
1037 654 1094 748 qui
1123 676 1245 721 nomen
1258 638 1283 677 ¹⁶
1310 676 1331 721 a
1357 652 1443 722 facie

376 774 556 830 traxerunt
572 762 631 829 His
642 758 780 829 tantns'⁷
796 784 867 828 esse
882 760 985 847 vires,
1004 775 1042 828 ut
1061 759 1252 853 elephantos
1265 758 1308 827 ad
1323 774 1443 853 potum

375 868 563 955 venientes,
593 866 759 937 mordicus
779 866 1019 961 comprehensa
1047 889 1148 935 manu
1176 890 1291 935 eorum
1313 866 1443 936 abstra-

375 973 458 1043 hant
471 958 507 1037 ¹⁸.

344 1110 356 1145 1
428 1081 558 1148 XVlll.
581 1080 712 1174 Thyuni
730 1103 837 1148 mares
855 1078 917 1147 sub
933 1073 1065 1147 ventre¹
1076 1074 1441 1173 nonhabentpinnum.

376 1190 507 1255 Intrnnt
521 1210 540 1253 e
556 1210 678 1281 magno
693 1187 776 1255 mari
797 1182 958 1254 Pontum²
975 1208 1079 1253 verno
1096 1197 1245 1279 tempore
1263 1184 1444 1279 gregatim,

376 1357 465 1410 oleum
493 1356 623 1416 trahitur.
647 1374 701 1428 quo
729 1355 818 1409 omnia
844 1369 888 1408 ee·
931 1367 1013 1427 atque
1036 1355 1164 1407 amiam·
1191 1353 1306 1420 Quidam
1331 1354 1441 1425 legunt:

377 1436 529 1490 conduntur
545 1454 720 1508 quecumque
737 1435 831 1506 tetigit.
855 1435 887 1486 ln
936 1439 1038 1501 thynno
1051 1450 1123 1504 capto
1137 1454 1232 1486 comum
1259 1437 1444 1486 excludendum

377 1534 433 1569 nou
451 1515 544 1587 paucis
562 1513 699 1568 codicibus
711 1534 742 1569 uc
762 1514 838 1567 editis
856 1513 886 1565 li·
923 1514 1106 1588 somsquod
1128 1514 1232 1568 videtur
1251 1524 1385 1585 sumptum
1409 1532 1444 1565 ex

376 1595 432 1649 bris
440 1595 525 1648 vermi
539 1592 675 1665 longitudo
693 1604 731 1646 est
752 1592 887 1664 sexaginta
930 1594 971 1648 bie
982 1594 1123 1666 Amphidis
1143 1594 1237 1648 comici
1249 1614 1256 1647 ε
1270 1596 1333 1653 ὅστις
1345 1594 1443 1663 κορακῖ-

376 1675 526 1729 cubitorum
543 1692 591 1745 pro
606 1685 719 1745 septem,
739 1685 765 1726 et
779 1672 831 1724 hoc
844 1690 887 1725 ne·
929 1694 967 1727 eoa
985 1667 1055 1727 laetu
1069 1676 1193 1728 Θαλάττων
1206 1676 1311 1746 γλαύκου
1325 1674 1444 1744 παρόντος

376 1753 519 1808 cessarium
534 1763 606 1816 eret,
618 1764 648 1804 ut
662 1750 816 1824 elephantos
829 1750 887 1804 ede·
930 1748 997 1814 odeat
1015 1758 1057 1807 οὐκ
1076 1755 1126 1822 ἔχει
1140 1754 1232 1825 φρένας.
1246 1754 1312 1805 Du„
1330 1782 1366 1792 -
1380 1750 1444 1803 Fel-

376 1844 424 1885 ret.
434 1831 501 1883 Mihi
510 1832 625 1903 suspicio
637 1844 695 1884 orta
705 1844 743 1885 eet
756 1848 886 1902 congrum
930 1833 1031 1887 sissima
1044 1832 1095 1887 hoo
1109 1834 1186 1901 loco,
1205 1832 1327 1906 quamvis
1339 1832 1373 1884 ab
1384 1831 1443 1884 ari-

376 1910 818 1983 hocpotiusluiese,velmureuam
828 1929 887 1984 quse
928 1913 1021 1966 stotele
1039 1912 1197 1985 desumpta,
1222 1911 1358 1966 sententia.
1379 1910 1443 1963 Nou

376 1992 467 2045 locum
481 1989 596 2045 dedisset
615 1990 657 2044 his
672 1990 886 2054 narrationibus,
932 1992 1001 2045 eninr
1014 1993 1104 2064 pinnis
1117 1993 1235 2067 thynnus
1248 2011 1304 2045 maa
1317 1990 1444 2045 asemiuu

319 2122 324 2131 ,
377 2089 444 2143 quas
461 2069 631 2123 orientalium
650 2070 769 2122 virorum
788 2070 886 2143 hypen-
931 2070 1318 2138 differtQunmrieAristoteles
1331 2068 1441 2123 aPlinio

377 2149 438 2203 bole
448 2148 573 2219 corrupit.
592 2148 710 2201 Coma.
929 2170 983 2203 uon
997 2163 1087 2204 exacte
1100 2151 1247 2223 exscriptus
1256 2163 1302 2202 eat.
1314 2149 1383 2202 Nam
1393 2146 1443 2200 ille

313 2250 317 2260 ·
416 2232 455 2281 16.
467 2233 562 2279 Nomen
583 2248 600 2279 a
616 2230 698 2297 sacis.
716 2228 886 2301 Piscessuut
930 2231 967 2282 uit
990 2231 1092 2284 feminae
1111 2232 1160 2283 sub
1182 2245 1274 2285 ventre
1298 2228 1443 2303 pinnulam

377 2307 427 2379 ipsi
449 2306 584 2379 quidem:
609 2306 656 2360 sed
676 2326 692 2361 a
712 2304 886 2359 similitudine
930 2328 981 2381 qua
994 2323 1139 2374 mascator,
1152 2311 1261 2363 minime
1271 2329 1336 2364 vero
1347 2308 1440 2380 pinnis

377 2387 511 2442 vermium
521 2424 529 2446 ,
539 2402 639 2439 ammes
645 2398 671 2440 et
679 2386 731 2458 ipsi
742 2384 883 2459 appellati:
929 2390 1041 2443 omniuo
1056 2409 1145 2445 carere
1156 2384 1396 2444 marem.Cuv1au.

377 2486 430 2521 uon
452 2486 466 2519 a
486 2466 573 2520 colore
593 2466 712 2528 cerulei,
733 2477 762 2518 ut
781 2467 885 2520 Solinus
966 2489 989 2522 2.
1001 2474 1101 2520 latrant
1118 2489 1238 2539 emagno
1249 2471 1314 2519 muri
1324 2473 1438 2519 Panum.

376 2545 488 2619 putavit,
502 2564 585 2617 quum
609 2544 681 2600 huuc
700 2544 778 2598 Plinii
796 2546 886 2600 locum
929 2548 1005 2602 Mare
1017 2549 1149 2602 infernum
1170 2549 1298 2622 appellari
1312 2565 1441 2618 maguum

377 2626 414 2678 ita
428 2624 556 2692 reddidit,
569 2630 685 2677 soemleos
700 2630 798 2677 nurnine
812 2640 837 2677 et
844 2647 885 2677 co·
930 2640 1005 2682 autu
1025 2628 1110 2681 Plinio
1128 2628 1206 2692 alibi,
1222 2644 1269 2681 aut
1280 2629 1314 2681 ab
1325 2628 1379 2679 alio
1393 2643 1442 2680 au-

378 2709 436 2764 lum,
456 2706 556 2757 Auctor
580 2704 679 2758 Ctesias
702 2705 730 2756 in
750 2705 885 2778 Excerptis
930 2715 1080 2773 ctore,non
1098 2708 1215 2761 memini.
1234 2705 1350 2760 Proinde
1365 2705 1444 2759 caath

377 2782 450 2855 apud
463 2782 601 2848 Photium,
615 2802 642 2854 p.
656 2784 716 2837 153.
729 2783 820 2836 Hauu.
929 2788 1056 2861 gatiorem
1080 2787 1124 2841 hio
1142 2788 1285 2841 lectionem
1306 2785 1442 2849 existimo,

416 2880 457 2931 17.
478 2865 521 2913 His
533 2876 627 2915 tantm,
646 2860 765 2930 Solinus,
782 2877 809 2916 et
825 2863 884 2929 alil,
930 2874 1030 2921 Inerant
1041 2872 1168 2937 κῶμο
1180 2870 1245 2918 mari
1254 2872 1364 2918 Pontum,
1377 2864 1443 2918 Cor·

378 2940 444 2994 lccis
456 2940 552 2994 citetis.
565 2940 657 2995 Hauc.
929 2943 1046 3019 rigamus
1063 2946 1091 2997 in
1111 2946 1221 2998 transitu
1241 2946 1330 2998 locum
1343 2944 1369 2995 iu
1383 2944 1444 3015 pul-

416 3021 456 3073 18·
485 3024 661 3088 Comprehensa
696 3040 772 3071 mauu
803 3040 886 3073 comm
931 3026 1062 3079 cherrima
1078 3024 1289 3098 historiographo
1314 3016 1443 3077 Cornelio

377 3102 530 3152 adamatam.
543 3099 697 3171 Lugendum
717 3100 802 3162 sorte,
821 3120 887 3152 com·
929 3104 1023 3157 Tacito
1033 3102 1101 3157 libro
1110 3105 1149 3166 X,
1161 3104 1208 3155 ubi
1223 3101 1257 3155 de
1270 3102 1321 3157 hac
1334 3121 1363 3154 re
1375 3092 1440 3172 ugit,

374 3183 497 3250 prehensa
513 3198 589 3230 rnuuu
600 3184 711 3231 deorsum
728 3184 884 3232 abstrabunt.
930 3181 1444 3256 eneminequodacuminum-Quip-

377 3257 533 3327 Videturlita
545 3258 574 3309 in
585 3257 672 3312 Plinio
680 3258 771 3329 legisse
780 3259 886 3313 Solinus
930 3282 979 3335 pe,
991 3263 1089 3335 inquit,
1099 3262 1260 3335 Byzantium
1272 3260 1352 3315 senili
1371 3260 1443 3320 eolo,

376 3337 411 3392 de
419 3337 460 3389 his
468 3336 597 3409 loquens:
609 3335 705 3399 uddeo,
717 3336 763 3403 uit,
773 3338 887 3391 robustis
931 3340 1097 3414 fecundoque
1108 3342 1189 3406 mari,
1200 3340 1262 3413 quia
1273 3342 1313 3395 vis
1329 3340 1442 3413 piscium

378 3415 492 3477 viribus,
513 3426 541 3467 ut
561 3416 713 3487 elephantes
736 3415 770 3468 ad
793 3428 887 3487 potum
931 3420 958 3473 in
982 3432 1161 3493 metapontum
1184 3440 1339 3493 erumpens,
1364 3432 1415 3472 ete.
1428 3441 1442 3462 ·

376 3494 887 3569 ventitantesmordicuscomprehensos
930 3500 1018 3572 Lege:
1035 3503 1126 3569 Quippe
1133 3505 1280 3567 Byzantium
1280 3502 1364 3570 senili
1371 3504 1441 3570 solo,

376 3573 497 3646 ipsorum
514 3591 596 3626 manu
614 3575 719 3647 repient
736 3574 764 3627 in
778 3574 889 3647 prolun-
923 3582 1085 3649 ficundoque
1107 3583 1174 3631 mari
1193 3583 1252 3648 quia
1273 3584 1314 3633 vis
1338 3584 1443 3649 piscium

377 3652 452 3707 dum.
466 3680 479 3700 ι
497 3654 575 3707 Pm.
799 3663 803 3681 '
930 3660 1059 3711 innumera
1081 3664 1182 3711 Pontum
1207 3662 1359 3729 irrumpens,
1390 3672 1442 3715 etc.

413 3734 552 3787 xv111.1.
568 3738 809 3801 lennr‘mamssub
824 3756 888 3788 ven·
933 3737 1004 3803 Quid
1022 3739 1044 3792 si
1067 3738 1095 3791 in
1118 3737 1203 3791 Plinio
1222 3739 1334 3791 verbum
1359 3738 1442 3803 illud,

377 3827 487 3878 tre,etc.
501 3814 639 3885 Elegantee
653 3816 750 3869 Lucilii
759 3836 848 3871 versus
860 3818 888 3871 iu
931 3836 1022 3886 magno
1049 3818 1082 3871 eb
1107 3817 1218 3871 indocto
1245 3817 1377 3890 adjectum
1407 3820 1442 3873 sit

378 3894 491 3965 Lupum,
499 3891 654 3965 apudVarr.
663 3894 764 3947 liuvl:
782 3896 890 3951 ·Thuu·
931 3895 1048 3949 lectore?
1074 3897 1168 3950 stolida
1199 3897 1269 3951 enim
1301 3909 1442 3951 nautarum

378 3990 426 4025 nos
442 3985 571 4045 captato:
589 3970 729 4045 cordylum
747 3974 859 4029 exclude
878 3993 886 4029 :
931 3974 1074 4029 multitudo
1088 3996 1161 4031 mare
1177 3988 1296 4030 nostrum
1317 3995 1442 4048 magnum

378 4050 493 4105 minores
503 4049 650 4116 Occidunt,
662 4053 754 4125 Lupe,
770 4054 886 4123 saperda
931 4055 1066 4127 appellitat
1081 4074 1088 4107 :
1104 4068 1134 4108 ut
1151 4056 1293 4128 legendum
1307 4056 1440 4119 videatur,

378 4140 404 4181 te
419 4147 426 4180 ε
440 4130 496 4184 hoc
512 4133 593 4202 jure,
612 4129 722 4184 silurum
735 4132 847 4187 Sumere
860 4144 886 4186 te
930 4139 1029 4186 latram
1037 4156 1051 4186 e
1059 4138 1231 4204 ruaripoutum
1241 4154 1318 4187 mmo
1328 4151 1441 4203 tempore.
