3200 5159
380 545 451 616 ψ
638 522 676 590 c.
706 521 877 590 Ριιιιιι
903 521 1013 591 nir.
1042 520 1171 588 ursr.

373 650 440 722 lam
464 643 579 746 (cuj-us
595 654 731 722 nominc
752 653 785 722 id
807 652 931 722 malum
956 645 1147 748 appellant)
1169 652 1256 722 inter
1284 650 1439 722 animalia

372 757 463 826 haud
480 756 582 827 ullam
602 760 763 854 comperit
783 761 965 854 quisquam.
986 761 1032 828 At
1052 783 1128 828 cum
1146 756 1321 830 caniculis⁷
1342 774 1440 828 atrox

372 863 550 934 dimicatio.
578 851 737 960 ΙιιιςιιιιιιιΒ
754 881 789 935 et
805 865 929 953 calces,
945 889 1143 959 omnemque
1160 864 1338 934 candorem
1360 889 1437 934 cor·

370 994 492 1065 porum
515 986 685 1066 appetunt.
709 971 806 1042 Salus
823 996 890 1041 una
911 974 946 1041 in
962 971 1117 1041 adversas
1140 969 1257 1058 eundi,
1282 969 1438 1065 ultmque

371 1075 527 1146 terrendi.
539 1080 641 1146 Pavet
651 1079 737 1147 enim
749 1079 918 1150 homiuem
929 1102 1022 1172 aeque
1032 1101 1072 1147 ac
1084 1089 1195 1146 terret
1206 1078 1251 1145 Et
1261 1099 1439 1170 sorsaequa

371 1182 406 1249 in
427 1183 582 1278 gurgite:
602 1198 642 1252 ut
658 1182 701 1251 ad
721 1208 964 1278 summaeque
981 1197 1117 1252 ventum
1148 1197 1216 1269 est,
1234 1181 1279 1250 ibi
1306 1182 1437 1276 pericu·

372 1285 441 1358 lum
459 1311 597 1384 anceps,
615 1288 768 1385 adempta
788 1291 916 1359 ratione
933 1303 1049 1360 contra
1062 1287 1178 1375 eundi,
1198 1287 1279 1356 dum
1296 1303 1438 1358 conetur

372 1417 541 1488 emergere
563 1422 571 1464 ι
592 1409 624 1464 et
642 1394 729 1465 selus
746 1396 852 1465 omnis
874 1397 908 1464 in
924 1395 1043 1466 sociis:
1065 1394 1178 1464 funem
1197 1392 1243 1464 illi
1261 1391 1436 1488 religatum

371 1498 415 1568 ab
433 1500 580 1570 humeris
600 1501 669 1594 ejus
690 1501 830 1571 trahunt
845 1517 854 1559 :
873 1501 964 1570 hunc
982 1499 1169 1582 dimicans⁹,
1184 1515 1223 1568 ut
1240 1502 1283 1569 sit
1299 1499 1436 1596 periculi

371 1606 522 1700 signum,
542 1605 623 1674 laeva
648 1609 754 1700 quatit
777 1625 785 1668 :
806 1606 922 1676 dextra
944 1605 1152 1704 apprehenso
1175 1604 1249 1677 stilo
1270 1607 1435 1700 inpugna

337 1721 354 1776 3
372 1725 421 1783 est
439 1733 448 1776 τ
464 1711 613 1786 modicus
628 1709 707 1783 elias
723 1727 857 1782 tractus.
874 1715 921 1782 Ut
939 1737 1044 1809 prope
1058 1713 1202 1782 carinam
1219 1726 1435 1799 ventumst,

371 1819 432 1886 nisi
453 1816 620 1912 praeceleri
647 1820 679 1887 vi
701 1833 837 1916 repente
863 1817 1020 1915 rapiat¹⁰‚
1040 1818 1171 1888 absumi
1196 1832 1356 1912 spectant.
1385 1822 1435 1886 Ac

371 1947 457 2019 sepe
471 1923 539 2016 jam
558 1924 734 2012 subducti,
747 1951 766 1994 e
778 1925 931 1994 manibus
948 1925 1162 2009 auferuntur,
1181 1925 1207 1993 si
1220 1948 1288 1992 non
1301 1923 1434 1992 trahen-

370 2030 452 2099 tium
468 2055 577 2124 0pem‚
592 2029 790 2125 conglobato
805 2056 946 2127 corpore
961 2033 994 2102 in
1013 2029 1086 2124 pilae
1101 2029 1249 2115 modum,
1263 2031 1325 2124 ipsi
1339 2029 1435 2123 adju·

369 2133 495 2204 vere¹¹.
519 2136 727 2206 Protendunt
751 2137 885 2231 quidem
909 2137 1067 2206 tridentes
1090 2134 1180 2204 alii:
1202 2135 1260 2205 sed
1284 2150 1434 2205 monstro

371 2239 502 2310 solertia
510 2255 560 2310 est
574 2243 742 2338 navigium
759 2241 939 2322 subeundi,
959 2257 1057 2338 atque
1070 2245 1116 2310 ita
1132 2255 1238 2310 etuto
1254 2240 1433 2337 preliandi.

280 2401 283 2410 .
371 2347 489 2416 Omnis
510 2371 590 2442 ergo
610 2373 690 2418 cura
708 2348 750 2417 ad
769 2346 1005 2444 speculandum
1024 2348 1089 2417 hoc
1106 2344 1230 2416 malum
1248 2349 1433 2416 insumitur.

368 2445 522 2542 (xnvu.)
540 2455 731 2530 Certissima
751 2469 802 2524 est
821 2457 979 2525 securitas
999 2454 1118 2524 vidisse
1136 2453 1253 2548 planos
1265 2452 1288 2477 ¹²
1304 2456 1432 2549 pisces:

369 2696 471 2766 equine
487 2697 650 2768 presepibus
666 2699 831 2769 interjectum
850 2707 879 2749 et
963 2717 990 2766 9.
1024 2698 1106 2750 Hunc.
1127 2697 1229 2750 Furem
1243 2697 1308 2751 lm
1329 2697 1433 2768 quatit,

369 2794 414 2828 eos
431 2772 624 2830 discernentem
642 2796 677 2831 ne
695 2779 766 2831 inter·
785 2795 814 2830 se
829 2795 880 2847 pu·
923 2775 1434 2848 utsociondmnueatpericudingruen·

370 2865 460 2924 guent.
473 2855 573 2910 Dieuc.
924 2855 966 2910 tic.
977 2857 1068 2910 Ηιιιι.

411 2952 438 3003 7.
449 2935 549 2988 Atrum
563 2936 684 2987 cannulis.
701 2937 780 2988 Nunc
789 2932 824 2988 nd
838 2952 881 2986 ce·
968 2952 1011 2987 10.
1031 2937 1136 3005 Repente
1152 2939 1241 3005 rapiat·
1259 2935 1372 2988 Tractus
1386 2935 1435 2990 ille

370 3013 486 3077 uicum,
502 3012 574 3068 unde
589 3014 705 3085 digressa
722 3027 794 3078 crat,
811 3011 882 3066 redit
925 3013 1041 3080 scilicet,
1064 3016 1127 3069 alins
1146 3013 1274 3068 modicus.
1295 3017 1336 3068 Ite
1355 3015 1433 3070 MSS

370 3093 467 3146 cretio.
482 3093 575 3147 lirun.
924 3091 1011 3159 Editi,
1022 3100 1127 3164 rupim.
1138 3093 1227 3147 tino.

410 3175 436 3226 8.
456 3172 561 3242 Inguina
582 3184 607 3224 et
625 3172 719 3236 calces,
746 3191 882 3244 omnemque
968 3191 1014 3227 ιι.
1029 3173 1080 3244 Ipsi
1090 3173 1210 3243 adjuvere.
1225 3173 1276 3226 llic
1286 3187 1378 3228 nomn
1391 3172 1434 3226 di·

371 3251 470 3303 candor.
479 3272 499 3304 c.
510 3263 633 3322 agentum.
645 3251 724 3304 Plinii
736 3251 882 3304 cuniculum
924 3269 1023 3320 gnum,
1037 3251 1110 3324 qnod
1125 3251 1218 3306 scribit
1234 3252 1322 3307 ahod.
1343 3253 1434 3319 XXV,

371 3331 668 3401 esscgaleumcenem,
685 3330 788 3401 dequo
806 3333 878 3384 Ron·
929 3335 987 3395 16,
1010 3333 1199 3403 spongothcrcc
1223 3333 1252 3384 in
1276 3333 1331 3385 imo
1354 3334 1435 3385 maris

371 3410 690 3474 deletiu⁸‚lih.X111‚c.
709 3411 742 3475 5,
761 3430 788 3481 p.
808 3411 880 3481 377,
925 3410 1011 3462 ellusc
1030 3411 1105 3474 cleo,
1127 3429 1225 3483 equum
1244 3411 1389 3469 illusum.
1407 3424 1435 3465 et

372 3491 414 3542 vel
439 3491 494 3542 hec
515 3503 578 3542 note
600 3488 764 3544 demonstret
788 3509 796 3542 ι
819 3508 882 3543 mm
925 3488 1034 3543 luminis
1048 3489 1148 3561 aliquid
1157 3491 1207 3545 cibi
1216 3481 1437 3562 pmberetquod'

371 3571 472 3636 calces,
496 3567 620 3640 inguina,
648 3569 816 3640 poplitesque
846 3569 883 3621 ite
926 3569 1005 3621 etiem
1025 3570 1155 3640 scripturn
1172 3583 1212 3624 est
1226 3568 1305 3642 cupre
1317 3570 1364 3624 lib.
1384 3573 1432 3633 11,

372 3649 448 3702 nvide
474 3649 591 3720 appetit,
618 3661 647 3700 ut
672 3667 725 3700 non
747 3649 881 3702 urinantes
926 3647 1183 3719 unp-103.Dtuc.

372 3727 471 3790 modo,
486 3726 531 3780 sed
542 3739 567 3780 ct
578 3727 624 3799 qui
635 3727 662 3780 in
672 3727 760 3780 littore
773 3725 881 3790 sedent,
968 3747 1012 3781 ιι.
1026 3727 1165 3781 canusima
1172 3742 1208 3780 est
1219 3732 1333 3780 seruum
1343 3728 1435 3782 ‘cidisse

373 3805 879 3877 ejusmunusvehementerlormidcnt:
921 3807 1257 3877 ptumumeriuoreti·
1265 3807 1434 3875 rerhnsunt:

372 3886 553 3940 eecscaenim
566 3886 881 3956 allectaeoepeintemtu
924 3875 993 3940 Oxou
1009 3883 1036 3939 δ’
1060 3887 1090 3940 ἂι
1112 3887 1195 3946 ἀνθίας
1214 3887 1298 3955 uate.
1314 3888 1357 3940 οὐκ
1380 3889 1435 3942 lert

373 3967 476 4020 exsiliit.
495 3965 607 4035 Vulgari
625 3966 734 4018 nomine
756 3965 881 4036 Monspe·
924 3966 1018 4031 θηρίον·
1034 3963 1054 4032 ᾧ
1068 3966 1111 4020 καὶ
1126 3968 1221 4037 muris
1235 3966 1374 4037 χράμνω,
1387 3988 1434 4020 ιιι-

373 4044 500 4099 lieneihus
519 4057 620 4114 regnor,
636 4045 688 4098 ltoc
711 4056 767 4108 est,
787 4063 882 4115 purus
924 4046 1110 4114 τιυιιὶιιμβῶσιν
1125 4048 1284 4116 ductante,
1294 4046 1337 4100 trel
1350 4054 1437 4102 mion-

374 4127 460 4191 cmii,
470 4139 496 4180 et
508 4125 625 4178 milandrr
637 4136 755 4178 vocatur.
770 4125 860 4178 Ηιιιι).
926 4144 963 4178 rte
976 4125 1049 4193 ἱιρὼς
1060 4125 1126 4193 ἰχθῦς
1144 4129 1252 4186 τούτους.
1273 4126 1377 4182 Plinius
1388 4146 1436 4182 en.
