3200 5159
347 501 402 606 C.
433 499 678 608 PLINII
713 502 1056 616 SECUNDI

166 771 708 904 NATURALIS
763 775 1234 911 HISTORIAE

552 1043 743 1133 arnan
780 1047 840 1134 x..

498 1285 894 1328 -Γ-Ἃῃ-η

161 1471 190 1538 Ι.
207 1421 478 1562 (1·)SnQurrnn
500 1483 619 1540 natura
637 1469 785 1559 avium¹‚
806 1497 948 1567 quarum
967 1464 1178 1570 grandissimi
1198 1489 1232 1551 el
1252 1496 1264 1545 1·

162 1599 257 1669 paene
269 1575 450 1644 bestiarum
465 1577 612 1669 generis,
630 1577 910 1648 struthiocameli²
927 1582 1030 1652 Africi
1041 1582 1095 1653 vel
1106 1586 1233 1656 AEthio-

201 1735 225 1786 Ι.
244 1753 269 1788 ι,
285 1731 399 1805 Sequitur
412 1743 501 1784 nutura
514 1735 606 1798 avium,
622 1746 673 1790 etc.
718 1751 750 1787 eo
760 1735 843 1788 multa
855 1749 888 1790 ex
898 1734 1028 1792 Veterum
1038 1739 1142 1812 seriptis
1152 1742 1231 1796 cosse

161 1814 223 1868 Non
234 1810 461 1885 quemadmodum
475 1810 509 1864 de
523 1811 674 1884 quadrupe·
716 1814 756 1884 git
766 1815 931 1881 Bochartus,
945 1815 980 1871 de
993 1819 1106 1873 Animal.
1120 1821 1169 1874 lib.
1184 1823 1231 1887 11,

159 1891 227 1946 dum
250 1890 412 1963 aepiscium
432 1890 569 1962 gentibus,
588 1890 673 1946 slede
716 1897 1229 1966 cap.16‚pag.245.Haan.-Stm.·

160 1973 250 2026 avium
263 1961 673 2039 historiaeainterpretarilacile
716 1972 1133 2032 tliocumeli.Destrutlriuuamelis
1142 1981 1230 2034 neuti-

160 2065 199 2106 est
221 2071 281 2124 quas
304 2051 415 2103 Veteres
439 2047 579 2102 tradidere.
602 2050 672 2104 Num
715 2068 795 2122 quam
814 2051 927 2105 dubium
947 2067 986 2108 est
1005 2057 1058 2109 :in
1077 2076 1131 2128 quo
1151 2046 1228 2113 facile

159 2129 367 2203 quadrupedum
400 2128 489 2181 minor
520 2147 669 2196 uumerus,
715 2143 834 2184 nostram
842 2133 1131 2205 aatmclmssequimur.
1139 2140 1227 2192 Immo

159 2212 404 2282 singulariumque
425 2208 511 2262 statim
531 2208 559 2260 in
578 2226 670 2279 prorn-
714 2210 753 2262 nil
765 2211 823 2263 lere
834 2229 865 2265 es
873 2211 982 2284 hisque
992 2215 1029 2267 ait
1038 2229 1109 2268 extra
1122 2235 1226 2272 verum.

160 2305 226 2362 ptu;
242 2289 355 2363 piscium
369 2287 486 2359 antiquis
498 2290 583 2359 major
597 2288 669 2342 uoti·
713 2287 802 2343 Pauca
813 2302 902 2344 tamen
908 2293 1074 2360 notabimus,
1083 2296 1112 2348 in
1124 2297 1225 2368 quibus

161 2371 197 2425 tia
213 2389 280 2442 quos
300 2369 329 2422 in
347 2367 449 2437 deliciis
466 2379 603 2438 tantopere
620 2367 669 2422 laa-
712 2365 850 2440 diligentia
881 2372 998 2426 auctoris
1033 2373 1226 2446 aliquantulum

160 2452 287 2512 buerunt,
302 2461 330 2501 et
344 2445 669 2502 multotiesiuhossermo
714 2449 818 2520 ἐσφάλη.
830 2455 946 2504 cuma.
963 2468 1004 2496 -’.
1023 2451 1224 2510 Strutln'oeamelr‘.

160 2530 329 2584 helluonibus
345 2526 449 2581 incidit.
470 2527 505 2580 At
523 2525 557 2580 de
573 2528 669 2582 avibus
713 2526 819 2582 Mireris
839 2530 868 2582 in
886 2531 996 2584 nomine
1008 2534 1157 2606 composito
1169 2537 1225 2591 aris

160 2610 287 2682 precipui
302 2621 422 2662 auctores
437 2624 564 2676 augurest
582 2625 669 2680 neque
712 2608 836 2661 maximas
862 2611 985 2664 omnium
1007 2630 1100 2666 vocem
1122 2602 1224 2686 adspici

160 2690 232 2743 euim
244 2707 306 2744 raro
318 2687 420 2740 Plinius
431 2687 480 2739 hos
490 2685 668 2756 testeshabctt
712 2705 771 2759 que
789 2706 931 2759 passerem
943 2690 1026 2744 immo
1043 2695 1224 2762 passerculum

159 2782 285 2841 patetque
300 2787 332 2821 ex
346 2767 418 2820 illius
429 2766 512 2819 'dictis
525 2783 560 2818 ne
573 2785 668 2820 conve-
713 2763 792 2830 (nam
808 2767 841 2822 τὰ
853 2769 881 2822 in
897 2789 930 2822 tus
944 2768 1092 2844 desinentia
1105 2761 1224 2828 diminu-

158 2850 227 2904 nisso
246 2847 355 2920 quidem
372 2847 444 2900 iuter
465 2845 514 2898 hos
532 2840 670 2916 δημοπιθή·
712 2845 791 2900 tivam
800 2848 950 2903 facultatem
959 2850 1069 2916 habent,
1078 2870 1128 2906 nee
1137 2861 1224 2925 erpsu-

158 2949 212 2991 aare
228 2929 262 2983 de
269 2929 358 2982 avium
371 2925 542 2990 nominibus,
553 2943 668 2997 quarum
711 2929 759 2978 οἱον
769 2925 822 2998 legi
828 2921 951 3000 derogat)
960 2930 1155 3000 significetmed
1165 2935 1224 3005 ipse

160 3010 274 3062 motibus
295 3007 420 3060 volebant
441 3006 557 3076 privatas
578 3024 620 3058 res
641 3019 668 3061 et
711 3012 825 3076 στρουθὸς
844 3021 934 3063 nostra
957 3011 1014 3064 avis
1038 3023 1076 3064 est
1096 3030 1223 3085 quoqne3
1297 3069 1301 3074 ,

159 3088 348 3160 publicandae
358 3084 488 3149 adversas,
495 3085 549 3138 sive
558 3103 667 3156 prospe·
710 3084 784 3156 qood
801 3087 927 3142 identitas
942 3089 998 3161 ipsa
1016 3089 1156 3145 nominum
1176 3113 1223 3146 uu·

158 3163 622 3239 ras,portendi.Praeclaraappendix
632 3163 666 3218 ad
710 3167 790 3217 trucle
804 3179 830 3220 et
843 3169 956 3238 στρουθὸς
974 3169 1037 3222 satis
1055 3173 1222 3243 comprobat.

159 3248 361 3301 Ciceronianam
374 3263 490 3298 scomma
505 3242 539 3296 de
553 3245 666 3314 Augrrri·
708 3243 782 3316 Ergo
803 3245 903 3300 Graecis
926 3266 974 3320 ego
993 3250 1144 3319 putaverim
1163 3270 1221 3306 ere·

158 3329 223 3392 hus,
234 3327 334 3380 nescire
355 3344 409 3378 sese
428 3323 564 3395 quomodo
580 3342 665 3396 augur
708 3322 814 3390 ditum,
828 3345 959 3396 passerem
972 3327 1040 3380 iuter
1054 3341 1082 3383 et
1092 3330 1221 3405 giganteas

158 3426 285 3480 augurem
303 3407 464 3470 intueretur,
483 3422 533 3456 nee
555 3402 662 3458 rideret.
708 3405 1221 3482 staturaravemsimilitudioemaliquam

158 3487 284 3552 Quasdam
298 3489 383 3540 lateor
401 3482 539 3554 desumpta
557 3502 588 3536 ex
603 3483 664 3537 Ari-
708 3502 780 3550 οπως
792 3504 847 3538 nou
857 3504 873 3538 e
883 3504 947 3538 vero
961 3504 967 3538 :
982 3506 1045 3540 uam
1061 3489 1090 3542 in
1105 3509 1220 3544 noman·

156 3569 256 3622 stotele.
277 3565 328 3620 Sed
346 3565 472 3637 quantula
492 3564 520 3616 iu
542 3563 664 3634 Stagirita
707 3563 815 3618 elatnris
831 3564 984 3619 invenimus
998 3560 1065 3622 nolli
1084 3588 1219 3640 passerum

157 3645 189 3700 de
199 3647 286 3700 avium
295 3644 584 3715 exterioribuslNeque
592 3644 663 3696 enim
707 3657 906 3698 annumeratam
926 3645 1018 3712 illam,
1042 3647 1089 3701 sed
1109 3651 1220 3720 gallinas

157 3739 207 3780 tam
228 3746 243 3782 e
263 3743 415 3796 corporum
425 3722 602 3795 descriptione
614 3724 663 3776 ali·
707 3741 817 3777 aeorum
827 3727 927 3796 generi.
943 3725 1075 3780 Ceterum
1088 3747 1103 3780 a
1117 3748 1220 3800 passere

156 3805 219 3878 quid
230 3825 369 3878 possumus
382 3805 544 3874 conjectare,
555 3821 636 3874 quarn
649 3821 664 3856 e
708 3793 909 3876 distinguebant
916 3803 1005 3859 addita
1014 3807 1130 3876 epitheto
1139 3812 1218 3882 piper

156 3905 241 3940 rerum
255 3883 455 3939 historiuuculis
463 3883 665 3954 nominumque,
708 3883 751 3934 val
773 3889 886 3955 μεγάλη,
908 3883 964 3938 vid.
987 3887 1083 3939 AElian.
1106 3887 1153 3940 lib.
1172 3889 1219 3957 11,

157 3967 176 4019 si
188 3966 252 4036 qnid
262 3966 290 4018 iu
299 3965 341 4018 his
351 3964 500 4030 incolume,
509 3960 664 4016 similitudi·
709 3979 765 4032 cap.
780 3965 999 4034 7;lib.1V‚cap.
1014 3965 1048 4034 37
1057 3984 1066 4030 ;
1076 3966 1124 4019 lib.
1139 3968 1219 4034 vm,

156 4046 243 4098 nibus.
258 4046 374 4098 Cnvrun.
709 4059 766 4113 cap.
782 4062 832 4109 103
844 4044 891 4097 lib'.
905 4042 962 4108 lx,
978 4064 1001 4098 u.
1013 4044 1068 4110 583
1083 4045 1130 4097 lib,
1141 4046 1218 4110 xlv.

195 4143 219 4180 a.
234 4122 601 4180 Strutltiueameli.L'uutrtsulse.
624 4121 665 4175 De
709 4140 768 4194 cap.
788 4130 805 4187 4
823 4135 850 4175 et
874 4123 918 4176 13.
936 4121 1018 4190 Quod
1039 4123 1061 4176 si
1080 4122 1115 4177 do
1138 4125 1219 4181 alten
