3200 5159
521 515 724 584 LIBER
747 515 817 584 lx.
1151 537 1219 606 ¹7¹

160 647 237 720 αι’
258 611 427 717 urinantes
449 647 543 742 gravi
574 645 721 741 periculo
758 647 902 717 infestat
934 648 1004 776 Ipsi
1033 645 1173 730 ferunt,
1192 648 1226 715 et

162 755 285 824 nubem
307 753 484 873 quamdam
505 775 705 824 crassescere
730 778 830 848 super
848 738 990 848 capitul
1011 741 1225 820 animalium⁴

161 861 336 956 planorum
357 862 496 990 piscium
513 857 652 928 similem
658 873 891 954 ,prementem
900 883 973 943 eos,
992 871 1227 951 arcentemque

160 991 183 1035 a
196 951 487 1096 reciprocando⁵'
510 980 544 1034 et
560 964 647 1035 obid
662 964 754 1036 stilos
772 979 949 1062 preaeutos
968 963 1062 1033 lineis
1081 986 1227 1034 annexos

162 1073 286 1142 babere
304 1057 414 1142 sese⁵t
406 1072 509 1168 .quia
525 1073 588 1142 nist
579 1071 783 1167 perfossae
774 1087 838 1159 rto,
859 1097 927 1140 non
946 1069 1125 1140 recedant·
1146 1068 1226 1137 mli·

162 1203 248 1272 grms
259 1193 294 1248 et
303 1202 456 1274 pavorrs
474 1193 513 1247 ut
527 1177 683 1267 arbitror,
698 1203 811 1274 opere.
801 1177 959 1246 Nubem
971 1191 1103 1246 emmet
1118 1176 1224 1244 nebu·
1247 1216 1262 1250 2

163 1370 259 1424 magua
273 1351 374 1405 feritate
386 1365 413 1405 et
426 1351 676 1424 immanitateapon·
717 1352 897 1414 intermissus,
918 1370 980 1404 mox
1000 1349 1177 1425 revocabitur,
1196 1360 1228 1401 ut

163 1431 287 1502 gotberas
314 1429 499 1484 invadentibus
531 1450 539 1483 τ
573 1431 674 1501 putruit
716 1431 1011 1503 ipseperseorstiouis
1024 1427 1228 1482 texturedecla-

63 1532 65 1539 ι
162 1512 239 1572 astrue
254 1509 675 1565 murmurantium—Mat·
715 1507 1225 1581 rarneutoreulegmopomism.

164 1589 272 1644 drudo...
290 1593 398 1658 r'rrsestst.
422 1591 463 1644 Ita
483 1590 558 1648 MSS.
575 1609 675 1644 omnes.
717 1592 881 1662 spensam,
893 1603 919 1643 et
931 1599 1227 1660 mox,premerrtearens.·

165 1665 239 1722 Editi
254 1667 381 1724 hactenus
400 1669 477 1734 libri,
489 1669 675 1724 Multitudine...
719 1683 746 1723 et
759 1669 925 1723 obscuritatis
936 1668 1003 1722 vitio
1014 1667 1100 1721 adbuc
1111 1687 1167 1720 non
1179 1685 1227 1738 pa·

164 1749 319 1815 r'rrsestsutur.
332 1749 424 1803 lirun.
718 1767 779 1802 rum
802 1750 944 1802 laborasset
962 1747 1059 1809 oratio,
1082 1765 1141 1818 qne
1155 1761 1227 1799 nuno

208 1846 233 1880 a.
246 1827 319 1880 Cim
330 1847 380 1882 sse.
393 1828 523 1901 spongias
536 1827 677 1893 nimirum,
719 1841 758 1882 est
776 1847 826 1899 pu·
844 1847 873 1882 se
892 1826 1046 1898 planissima
1062 1844 1070 1880 r
1086 1843 1138 1880 neo
1158 1845 1229 1896 super

165 1905 306 1979 dequibus
316 1907 415 1962 dicmur
428 1920 465 1962 est
475 1909 604 1980 proxime.
615 1909 677 1961 Uri·
719 1912 817 1978 rupr'ta,
837 1906 885 1962 sed
900 1927 971 1978 supe
988 1907 1086 1973 aulos,
1102 1918 1133 1958 ut
1148 1906 1228 1958 Dele-

166 1999 259 2040 uautes
271 1999 375 2054 auteur,
387 1988 531 2058 piscatores
543 1987 676 2060 intellige,
720 1988 839 2058 campius
858 1985 996 2051 admouet,
1010 1985 1063 2038 diri
1084 1983 1226 2037 debuisset.

165 2065 255 2118 exilia
271 2078 359 2119 vetere
372 2065 443 2138 apud
457 2068 603 2122 Gruterum
619 2069 675 2140 epi·
720 2067 818 2122 Sensus
839 2086 921 2138 porro
940 2065 1015 2120 hicce
1036 2078 1096 2118 est:
1114 2062 1228 2116 Narrant

163 2145 281 2217 grapbe,
304 2163 366 2218 pag.
389 2146 445 2211 354
477 2168 484 2198 :
515 2165 676 2200 rotmaro
719 2146 770 2216 ipsi
793 2148 949 2209 urinantes,
967 2157 1065 2217 preter
1084 2144 1229 2208 caninrlas,

165 2242 268 2278 ursum.
277 2227 496 2291 vuuauou1,etin
505 2229 677 2298 sequentibus
719 2228 820 2280 nubem
832 2228 912 2280 etiam
920 2222 1063 2298 quamdam
1076 2225 1173 2278 instare
1185 2241 1229 2276 ea·

89 2359 92 2364 ⁴
169 2298 281 2375 Corporis
289 2306 439 2358 Piscator-um
450 2301 477 2352 V
473 2305 676 2360 enatorrorrbaud
718 2307 821 2376 pitibus
833 2307 901 2368 suis,
913 2325 972 2378 quar
987 2304 1118 2374 speciem,
1133 2302 1229 2354 simili·

165 2383 410 2442 remelfitmenrio.
425 2385 516 2438 litun.
719 2385 898 2458 tudinemque
913 2387 1012 2438 referat
1026 2382 1198 2445 enimalium,
1213 2401 1229 2434 e

209 2464 237 2516 3.
251 2462 330 2536 &sper
344 2469 434 2536 sepite.
450 2466 528 2536 Super
541 2465 620 2520 oasim
635 2464 677 2518 di·
719 2467 860 2536 planorum
869 2465 985 2536 pierium
995 2481 1107 2534 genem:
1118 2479 1230 2533 qunque

167 2561 226 2597 cere
244 2540 346 2598 debuit.
365 2545 411 2598 Est
428 2545 499 2597 enim
518 2545 603 2598 nubes
621 2564 677 2598 nou
720 2545 791 2616 ipsos
801 2544 935 2598 urinantes
942 2555 1055 2615 premat.
1068 2543 1159 2600 Haau.

167 2620 275 2694 quidem
285 2623 400 2686 malum,
413 2624 578 2688 nutritium,
591 2623 637 2678 sed
649 2625 678 2678 in
764 2631 790 2686 t.
802 2624 961 2678 Arrimoliurr.
970 2623 1044 2676 Hanc
1054 2640 1157 2685 vooem,
1169 2639 1233 2673 con·

164 2702 332 2772 galeottus,
351 2715 378 2755 et
391 2703 465 2774 gelen
483 2703 577 2774 glauco
593 2721 678 2758 orasse
720 2715 760 2758 tra
778 2704 901 2757 omniurn
922 2701 1113 2773 exemplarium
1126 2699 1230 2761 tidem,
1324 2749 1327 2754 ,

165 2782 335 2848 membran,
355 2799 417 2853 quse
434 2781 568 2854 palpebras
589 2784 677 2836 avium
717 2795 935 2854 vetustarumque
947 2781 1113 2845 editionum,
1132 2792 1231 2832 temere

167 2858 248 2913 modo
264 2879 296 2914 ex
314 2861 433 2914 inferiori
452 2863 525 2915 oculi
539 2875 615 2934 parte
629 2881 676 2918 na·
702 2864 872 2917 ¹‘Frobenius
891 2863 967 2933 prior
982 2860 1123 2938 expunxit,
1138 2859 1230 2912 lirun.

164 2957 242 2992 soene
255 2949 341 2993 totum
352 2959 413 2994 eum
423 2943 557 3014 contegit,
572 2955 598 2996 et
607 2943 679 2996 inter
721 2974 761 2986 -
775 2944 915 2995 Platorem.
931 2941 1180 3012 Certilaglneorum.
1196 2940 1229 2989 D.

165 3017 351 3072 dimicandum
360 3019 427 3072 risui
436 3021 581 3091 plurimum
592 3023 677 3075 obest.
721 3051 763 3065 -
785 3023 965 3076 Aumatium..
985 3019 1146 3072 similiusdr'sre.
1169 3017 1231 3069 Nou

168 3097 268 3152 Eadem
280 3112 350 3152 estet
361 3099 388 3153 iu
395 3100 679 3173 ruiisplanispisoibus,
721 3100 884 3172 impossibile
901 3101 946 3154 hic
965 3101 1033 3154 reias
1053 3100 1178 3166 rnrjoros,
1200 3096 1231 3148 iu

165 3175 214 3231 sed
228 3191 256 3231 et
266 3197 302 3231 eu
317 3179 444 3232 interiore
452 3179 525 3234 oculi
539 3181 637 3252 angulo
647 3181 675 3234 in
722 3181 819 3253 primis
837 3176 1036 3253 ee'plsaloptesus
1046 3178 1173 3230 maximas
1188 3176 1230 3228 iu·

164 3275 230 3310 eum
243 3269 329 3310 totum
344 3257 521 3324 distenditur,
540 3273 677 3331 praeees-
724 3260 815 3331 telligi
825 3261 944 3313 Currus.

163 3353 220 3407 qne
231 3337 259 3389 in
276 3339 379 3392 ambita
389 3339 461 3392 velut
473 3353 569 3394 seruata
581 3352 609 3392 et
621 3341 678 3394 lissa
763 3342 788 3393 5.
794 3339 981 3410 Rectpmrosdo.
988 3338 1234 3408 impetraresnrneu·

164 3428 214 3469 eat.
232 3417 302 3470 Dru.
309 3417 510 3486 -Iprr'srrunt
519 3417 678 3490 llisudignt
716 3418 773 3475 do.
800 3417 921 3472 iterando
949 3436 1062 3482 morsu,
1084 3408 1230 3487 repetendo

165 3495 679 3570 profinelloudeletllrlec.'1nterpre·
722 3496 989 3570 impetumorrlendi.
1004 3499 1104 3550 Dure.

166 3573 319 3640 tatio,ltuo
332 3578 679 3642 verberelerentiom,non
771 3583 798 3632 6.
824 3578 906 3629 Lirer's
931 3594 1036 3629 numme
1062 3576 1148 3628 labere
1172 3593 1231 3626 sere.

168 3653 202 3707 ad
213 3655 358 3722 urinantes,
367 3655 678 3728 redoleanioulrsipsas:
722 3656 812 3710 thot.
829 3658 869 3722 V,
888 3671 920 3719 rt
930 3697 938 3721 ,
950 3657 977 3709 ia
991 3657 1033 3709 bis
1047 3656 1134 3710 verbis
1147 3654 1233 3720 Quin·

167 3733 197 3786 in
212 3733 310 3806 quibua
323 3749 383 3806 post
395 3736 552 3790 diuturnam
565 3737 678 3791 medita·
720 3737 920 3798 sitientum
927 3755 934 3790 ε
945 3763 957 3783 ι
965 3736 1089 3789 Transire
1095 3733 1234 3788 indiverso

165 3813 285 3878 tionem,
308 3815 408 3868 nubem
431 3817 575 3870 nommenti
597 3829 678 3883 sunt,
720 3818 845 3869 subsellia
867 3834 963 3888 parum
984 3813 1164 3868 verecundum
1184 3823 1232 3864 est.

165 3893 350 3948 ure-branam
358 3898 679 3968 esseneseioquam,qute
724 3897 791 3949 Nam
817 3907 846 3949 et
868 3897 972 3951 Cassius
999 3895 1111 3949 Severru
1131 3892 1234 3946 urbane

165 3982 255 4026 totum
265 3987 419 4044 contegeret
428 3977 606 4030 canicularum
618 3995 680 4031 onu-
722 3974 848 4031 edversns
863 3978 917 4031 boe
934 3979 1058 4030 facientes
1072 3975 1169 4026 lineam
1182 3987 1233 4041 po·

163 4050 240 4106 lmus
253 4071 337 4123 qurrrn
343 4071 379 4106 ne
388 4053 421 4108 de
431 4054 559 4109 caniculis
570 4055 678 4128 quidem
722 4058 809 4127 poerit
821 4075 828 4109 ι
842 4083 854 4104 ι
866 4057 962 4109 lineam
972 4057 1163 4126 interpretatur
1174 4052 1235 4104 lon-

164 4147 337 4200 punrsermo
348 4133 382 4188 ἀι
390 4172 399 4199 ,
408 4136 455 4206 qui
466 4153 537 4188 aune
545 4137 679 4208 paulisper
722 4133 1236 4206 guriummearpelongiorempertioen,
