3200 5159
369 452 436 538 254
570 415 576 422 ’
638 454 1003 524 cumminas.
1030 456 1157 525 mse.

365 586 453 658 illum
472 590 698 682 nitoremque,
710 589 769 682 qui
781 588 956 683 queritur,
974 575 1109 657 cocei¹⁸.
1135 591 1186 657 Ita
1201 588 1371 683 permixtis
1386 592 1432 659 vi-

366 693 459 764 ribus
471 693 611 764 alterum
630 694 735 764 altero
756 692 965 782 excitatur¹⁹,
987 709 1046 764 aut
1055 694 1278 789 adstringitur.
1294 698 1431 765 Summa

367 800 622 871 medicaminum
648 803 683 869 in
701 826 723 870 L
744 799 880 870 libras’⁰
902 800 1086 886 vellerum,
1110 800 1241 870 buccini
1262 800 1399 872 ducenae
1421 827 1429 871 t

366 905 502 1001 pelagii,
521 930 575 977 cx.
585 911 636 977 lta
646 907 684 976 fit
702 908 877 1001 amethysti
891 906 1013 977 color²¹
1029 909 1168 977 eximius
1183 906 1246 977 ille.
1262 914 1306 977 At
1313 912 1430 1003 Tyrius

366 1011 497 1108 pelagio
518 1015 662 1108 primum
674 1012 1181 1108 satiatur,immaturaviridique
1193 1005 1323 1083 cortina
1337 1034 1430 1085 :mox

367 1132 575 1214 permutatur
597 1122 631 1189 in
655 1119 807 1189 buccina
832 1123 921 1189 Laus
943 1122 973 1189 ei
995 1143 1140 1206 summa,
1157 1124 1191 1189 in
1217 1119 1329 1190 colore
1355 1142 1429 1191 san·

366 1227 475 1321 guinis
495 1227 659 1313 concreti,
693 1228 858 1322 nigricans
884 1240 1044 1321 aspectu,
1069 1226 1223 1321 idemque
1242 1225 1429 1321 suspectu²¹

365 1330 542 1428 refulgens
556 1332 656 1402 Unde
674 1347 710 1403 et
726 1330 872 1403 Homero
882 1318 1108 1428 ²³,purpureus
1123 1327 1395 1428 dicitursunguis.

412 1482 455 1534 18.
473 1477 553 1533 coece
568 1480 628 1534 Hoc
640 1492 692 1543 est,
707 1498 788 1533 cccco
804 1480 877 1533 simi·
920 1480 1045 1532 varietate
1066 1480 1186 1533 colorum
1208 1492 1311 1551 sumptu
1329 1496 1431 1533 memo·

368 1558 693 1613 lemllstucoodioetur
706 1576 765 1630 esp.
780 1559 827 1612 65.
842 1556 876 1613 tt:
920 1570 981 1613 rent
1006 1560 1138 1622 Veteres,
1169 1555 1307 1630 πορφυρίδα
1335 1558 1431 1612 coloris

412 1656 457 1709 ¹9·
474 1639 613 1691 Eueno.
635 1638 742 1709 Pelagio
761 1637 878 1692 admixto
919 1638 1030 1691 violacei
1041 1634 1164 1697 saturati.
1177 1650 1204 1692 et
1219 1638 1432 1711 subnigsiesntis,

368 1716 511 1771 buccinum
517 1720 654 1783 excitatur,
663 1718 876 1789 quisiitillustre,
921 1732 977 1789 quo
989 1718 1079 1771 colore
1091 1718 1222 1789 πορρῠριον
1234 1720 1314 1789 salpe,
1326 1718 1430 1771 bissum

364 1809 502 1866 uegetum,
517 1796 652 1864 vividum,
661 1815 797 1869 perenne:
813 1799 878 1851 bao-
921 1803 1061 1868 noppbpsas,
1072 1798 1203 1850 Homerus
1214 1796 1290 1851 dixit.
1300 1797 1372 1849 Tulls
1382 1794 1432 1849 fuit

367 1876 565 1949 cinopelngism
571 1876 877 1949 adsuingitnr,quoninm
922 1877 1117 1951 Amethystina,
1131 1888 1156 1929 et
1165 1894 1223 1949 qut
1234 1876 1432 1948 epelagiispur·

368 1974 398 2009 es
413 1958 530 2009 mistum
543 1958 671 2010 austerius
681 1958 724 2021 iit,
736 1957 878 2028 minusque
920 1956 995 2027 puris
1009 1956 1072 2009 solis
1090 1955 1171 2009 fiebat
1188 1966 1266 2029 etque
1281 1955 1402 2009 buccicit
1422 1972 1430 2005 s

367 2034 504 2089 floridum.
519 2037 610 2089 liano.
920 2032 1050 2109 possssida,
1059 2035 1360 2107 puniceum,rubenteru
1369 2074 1377 2099 ,
1386 2050 1432 2087 eo·

410 2132 452 2168 so.
472 2116 503 2169 In
521 2116 544 2166 L
565 2116 648 2167 illm.
667 2106 809 2168 Librirum
825 2132 877 2168 nu·
920 2115 977 2168 lore
990 2112 1232 2186 cccci,quslisiuit
1245 2116 1329 2185 Tyria
1343 2114 1433 2168 et'Iu·

367 2210 458 2246 merus
468 2195 611 2247 velleribus
624 2196 690 2247 lanu
701 2193 810 2247 deestis
821 2212 878 2246 om·
920 2195 1040 2260 sentina,
1057 2210 1071 2247 a
1087 2195 1176 2247 colore
1188 2194 1304 2265 puniceo
1321 2204 1431 2247 mature

367 2273 447 2326 nibus
457 2274 652 2344 exemplaribus
664 2291 672 2325 τ
686 2273 798 2345 singulis
807 2275 877 2327 enim
920 2274 1043 2347 palmadas
1057 2270 1155 2327 dictam
1171 2292 1178 2326 :
1193 2270 1327 2345 ἁλουργίδα
1342 2274 1433 2325 colore

368 2352 496 2405 vellerum
508 2352 602 2417 libris,
611 2366 650 2406 tot
661 2352 777 2405 tribuere
791 2352 876 2405 medi·
920 2355 1031 2423 glauco,
1045 2354 1112 2407 irato
1124 2354 1190 2407 mari
1201 2352 1298 2418 simIli,
1310 2357 1431 2417 austero,

369 2432 518 2499 cuminum,
532 2431 587 2485 lide
601 2433 674 2485 omni
688 2447 793 2502 prorsus
806 2432 877 2486 indi·
920 2431 1023 2497 diluto,
1041 2434 1126 2505 qualis
1137 2434 1190 2485 suit
1207 2432 1389 2504 conchyliata,
1405 2445 1433 2485 et

366 2528 451 2581 gisum
471 2526 519 2565 est.
547 2510 666 2583 Ideoque
688 2516 713 2563 in
739 2514 762 2563 L
788 2513 876 2571 libras,
920 2513 1071 2585 qtruiiebut
1090 2532 1105 2566 e
1124 2508 1186 2570 solis
1206 2512 1335 2565 buccinis.
1350 2508 1430 2563 ,otta

366 2592 480 2662 repetita
491 2592 584 2665 priore
595 2592 728 2662 sequentis
745 2592 817 2645 vocis
833 2590 877 2645 lit·
920 2590 1036 2664 Odyssea
1050 2590 1160 2646 Homeri
1174 2592 1301 2664 agebatur
1317 2594 1340 2645 ls
1349 2592 1432 2662 damp-

367 2682 426 2724 tera
434 2709 442 2735 ,
450 2671 652 2742 rescripsimus:
669 2670 795 2742 perfacile
806 2670 876 2723 enim
919 2674 970 2743 γοῖς
981 2672 1113 2741 {seleseo
1124 2712 1131 2733 ,
1143 2670 1177 2725 ad
1189 2668 1432 2743 significandcsper

367 2748 878 2821 etprccliviadmodumlspsnsimpliees
920 2752 1002 2803 muria
1012 2752 1114 2822 Ulyssis
1129 2768 1232 2805 errores
1247 2769 1255 2805 :
1268 2750 1330 2803 llius
1339 2752 1432 2823 lpulpo·
1523 2818 1525 2821 Ι

367 2828 551 2900 hujuscemodi
564 2848 737 2882 numerorum
751 2845 821 2884 noter
835 2832 878 2883 in·
920 2828 1433 2901 Gepimindicandisvulneribuscruen·

367 2908 497 2963 teroidere
510 2920 665 2981 potuerunt.
680 2910 766 2981 Atque
783 2928 878 2963 econ·
920 2910 967 2971 tls,
984 2924 1011 2962 et
1025 2909 1150 2964 caedibus.
1162 2913 1257 2965 Sextus
1269 2908 1429 2981 Pompeias,

367 2989 470 3054 treric,
490 3008 573 3061 quum
593 2990 622 3041 in
640 2989 715 3042 libris
736 2990 877 3055 omnibus,
920 2990 1010 3059 Magni
1022 2985 1105 3057 filius,
1119 2992 1155 3043 ob
1166 2988 1283 3044 hostium
1294 2988 1432 3060 naufragis

366 3069 467 3139 Pelagii
483 3070 539 3123 CX
538 3068 558 3122 i.
572 3068 674 3138 Ito-fit,
687 3078 736 3121 etc.
748 3069 878 3139 scriptum
920 3068 974 3121 duc
996 3068 1205 3141 gloriabundus,
1228 3068 1431 3141 imperatorium

367 3149 539 3219 reperiamus,
548 3148 878 3202 CXmeluimuszexvoce
919 3148 1135 3217 paludamentum
1144 3148 1308 3221 phoenicium
1317 3150 1434 3201 incuru-

365 3229 438 3281 enirn
450 3230 584 3300 sequenti,
597 3228 651 3280 iota
660 3226 725 3280 illud
736 3228 878 3280 coemisse
920 3228 990 3281 lenm
1001 3227 1129 3293 vertit,ed
1137 3226 1430 3299 insterNeptuni,cujus

367 3308 546 3380 conjecimus,
561 3308 749 3378 erssimusque.
765 3306 856 3360 Hane.
920 3326 948 3360 se
960 3308 1044 3361 fllium
1054 3319 1109 3361 esse
1122 3306 1295 3379 praedicabat,
1304 3308 1431 3379 quoniam

409 3408 455 3442 ιι.
480 3388 620 3457 ΑΜΙιγριί
641 3387 716 3439 color.
736 3386 829 3451 Qualis
848 3388 876 3439 in
919 3388 1066 3440 felicissima
1081 3384 1430 3458 nauigationeususiuisset.

366 3466 515 3538 amethysto
534 3482 651 3539 gemma,
675 3465 709 3519 de
734 3481 785 3537 qua
806 3464 877 3519 libro
920 3464 1001 3519 liade.
1018 3468 1080 3520 Iun.
1095 3463 1138 3531 11,
1156 3468 1299 3519 umnec.

367 3545 518 3607 XXXVII,
541 3563 599 3618 cap·
625 3553 683 3611 dot
711 3546 878 3599 sPerlucent
962 3544 1430 3617 n.Suspecta.Simrbiimempaulum

366 3643 460 3679 omnes
478 3626 596 3679 violaceo
615 3628 706 3679 colore
708 3665 756 3679 .....
777 3625 878 3678 Indicae
922 3622 1430 3697 adspexerinAdspicereestadrersum

366 3705 516 3757 absolutum
531 3706 615 3759 felicis
624 3723 750 3777 purpure
761 3706 878 3758 colorem
922 3707 1035 3777 spicere,
1050 3706 1102 3757 lroo
1119 3718 1171 3771 est,
1185 3706 1263 3758 tueri,
1275 3702 1431 3775 Suspicere,

366 3783 465 3837 babent
484 3801 492 3835 ε
513 3783 547 3837 sd
568 3784 690 3855 beneque
716 3786 877 3856 tingentium
921 3802 1025 3838 sursum
1056 3784 1171 3854 positum
1203 3784 1332 3838 contueri.
1359 3781 1431 3835 Vide

365 3864 479 3918 officinas
488 3861 696 3935 diriguntrctnn
706 3866 797 3917 Nostri
805 3865 877 3917 buno
921 3882 979 3936 qun
989 3863 1023 3916 de
1031 3863 1080 3917 hac
1091 3882 1155 3917 voce
1167 3862 1263 3917 dicturi
1281 3881 1372 3916 sumus
1382 3862 1430 3916 lib.

367 3946 484 3997 colorem
494 3943 596 3995 clerum
607 3944 753 3996 violaceum
765 3956 873 4007 vocant,
923 3946 990 3997 XXI
1001 3984 1008 4009 ‚
1019 3962 1076 4014 cup.
1095 3960 1141 3996 ss.
1159 3944 1250 3997 Hanc.

366 4026 442 4077 molet
452 4023 521 4076 riuis.
532 4022 803 4093 Hiram—Amethysti
812 4024 877 4075 color
961 4028 1004 4076 ab.
1026 4022 1095 4076 Unde
1111 4036 1136 4075 et
1155 4024 1268 4075 Homero,
1290 4020 1369 4074 Iliad.
1391 4028 1427 4083 Ρ,

367 4108 465 4160 nimias
481 4104 529 4156 itte.
540 4101 606 4155 Tria
617 4119 744 4174 purpuras
755 4118 875 4173 generes
919 4120 987 4156 vers.
1005 4102 1081 4159 360:
1099 4104 1188 4174 αἵματι
1203 4104 1333 4173 πορρυρὲῳ.
1347 4098 1429 4166 Quod
