3200 5159
338 463 342 478 ’
399 515 477 612 tol
661 503 1201 584 summissurus.
1304 597 1310 607 ⁴

397 663 530 736 ventur,
542 647 627 718 sicut
637 644 890 742 quadrupedum
905 667 1013 714 eures
1029 645 1162 734 Quibus
1167 631 1335 764 ’fmgilmfl
1352 649 1463 744 opfft.

398 769 526 843 menta,
549 755 589 823 iis
611 750 698 823 oculi
719 752 805 822 duri.
826 753 951 821 Omnia
969 750 1067 838 talia,
1088 765 1122 820 et
1141 752 1267 847 pisces,
1285 767 1321 822 et
1337 754 1463 824 insecta

397 887 466 931 non
484 845 642 992 hapent³⁴
660 883 776 954 genas,
790 883 853 929 nec
869 860 1022 952 integunt
1036 856 1160 928 oculos.
1179 858 1346 929 Omnibus
1361 885 1466 930 mern·

398 951 535 1038 brana³⁵
551 965 629 1035 vitri
648 966 749 1036 modo
767 963 970 1034 translucida
985 963 1187 1034 obtenditur.

284 1095 285 1098 ¹
365 1103 377 1139 1
450 1077 539 1144 LVI
562 1071 761 1168 Palpebrae‘
752 1095 787 1139 ιιι
806 1073 899 1166 genis
906 1069 1055 1139 ‘homini
1073 1072 1250 1164 utrimque.
1265 1069 1463 1143 Mulieribus

397 1181 496 1251 vero'
517 1181 615 1250 etiam
634 1179 763 1249 iniectu
776 1177 1007 1308 quotidiano.
995 1180 1103 1245 Tanta
1116 1192 1166 1246 est
1178 1177 1308 1247 decoris
1325 1179 1464 1248 affecta·

397 1290 516 1375 tio,ut
536 1288 730 1426 tinguantur
749 1283 839 1354 oculi
857 1307 1017 1378 quoque.
994 1268 1110 1353 ³Alia
1129 1283 1170 1352 de
1190 1307 1289 1353 causa
1309 1283 1377 1354 boo
1395 1287 1464 1356 Na·

323 1399 325 1406 '
396 1410 472 1464 tura
492 1379 657 1474 dederat,
678 1416 739 1463 ceu
761 1388 885 1459 vallum
899 1389 1068 1487 quoddam
1088 1391 1198 1480 visus,
1219 1405 1253 1460 et
1272 1392 1464 1486 prominens

436 1575 484 1632 33.
514 1575 607 1648 Quibus
623 1575 740 1645 fragilia.
768 1573 910 1627 Crustaoea
953 1572 1002 1626 Ηιιι
1024 1572 1158 1645 utrimque
1182 1573 1286 1626 bomini
1308 1585 1386 1640 sunt,
1412 1574 1465 1629 boc

395 1657 578 1728 scilicet,qnae
588 1668 676 1708 crusta
687 1653 775 1726 fragili
784 1653 910 1725 integun-
953 1665 1009 1717 est,
1031 1669 1144 1723 superne
1164 1655 1264 1723 pariter
1286 1665 1314 1706 et
1339 1654 1463 1719 inferne,

395 1749 448 1792 tur.
463 1737 546 1791 Arist.
557 1737 609 1788 loc.
622 1735 665 1787 cit.
676 1732 710 1786 ris
721 1735 766 1804 pis
778 1731 826 1805 γὰρ
837 1740 910 1788 sulu-
952 1751 1033 1804 supra
1051 1745 1079 1784 et
1095 1732 1179 1797 infra,
1195 1734 1246 1786 dvo
1260 1733 1304 1786 sesi
1316 1733 1403 1792 saiso,
1420 1734 1463 1788 in·-

394 1813 503 1890 po'dsppu
512 1817 598 1870 πάντα
606 1815 793 1886 σιλιιρόφθιιλμά
804 1815 863 1885 less.
874 1811 909 1865 Η.
953 1813 1012 1883 quit
1024 1811 1122 1864 Philus.
1133 1813 1181 1865 lib.
1193 1814 1208 1864 1
1219 1813 1287 1867 Hist.
1298 1813 1389 1867 Anim.
1401 1831 1462 1885 up,

435 1898 480 1962 34.
495 1897 553 1952 Nou
572 1895 666 1960 babens
687 1893 743 1946 Nus
762 1890 908 1964 palpebras
950 1909 1012 1964 pag.
1025 1894 1070 1944 65.
1084 1892 1177 1946 Ηιιιιι.

395 1975 527 2042 dicimus,
542 1977 651 2046 βλέφαρα
672 1973 768 2026 Graeci.
792 1973 849 2026 Cur
866 1971 910 2025 bis
994 1989 1020 2025 a.
1033 1971 1273 2042 Palpebroeiugeuis
1281 1974 1373 2026 homiui
1381 1978 1463 2026 usi*

396 2075 433 2111 eu
443 2055 545 2120 desint,
560 2072 665 2108 causam
680 2051 859 2124 Philosophus
871 2052 909 2106 ai
951 2071 1004 2123 que.
1028 2051 1171 2104 Mulien'bus
1191 2071 1250 2105 aem
1272 2057 1344 2105 ειὶιιιι
1365 2056 1462 2122 inseetoe

396 2137 448 2190 fert
460 2133 676 2189 toeniensis
950 2131 1099 2204 qautids'eno.
1113 2132 1153 2184 lta
1165 2130 1275 2202 quidem
1284 2132 1348 2184 libri
1359 2153 1462 2187 omnes

436 2215 484 2270 35.
495 2216 604 2267 Pisces..
614 2231 661 2264 uos
669 2210 846 2282 bobentgeues
854 2221 906 2264 etc.
950 2212 986 2264 At
997 2208 1097 2282 quidsi
1110 2211 1194 2282 legas,
1211 2211 1387 2264 mulieribus
1399 2229 1462 2267 cura

395 2295 531 2366 Plerisque
544 2293 656 2365 piscium
667 2291 794 2363 palpebra
807 2308 907 2362 nequa·
950 2290 1146 2344 etiaminl'ectu
1156 2281 1333 2361 quotidiana
1345 2291 1461 2346 illino.

395 2393 475 2448 qnam
490 2372 606 2428 mobilis.
621 2369 788 2436 Quibusdam
801 2381 907 2423 tantum
949 2371 1134 2422 —Mulieribus
1141 2375 1283 2422 ‘remetissi
1292 2370 1406 2439 infectu,
1409 2385 1459 2426 etc.

393 2454 472 2526 pellis
480 2472 536 2527 prae
544 2451 623 2506 oculo
633 2449 808 2515 obtenditur,
819 2449 907 2502 nullos
950 2447 1138 2516 Quotidianam
1147 2449 1317 2504 infectionem
1327 2465 1401 2504 recte
1409 2451 1461 2506 Pli

393 2535 422 2587 in
432 2535 506 2588 sinus
514 2532 649 2604 replicata.
660 2531 715 2595 Qui
723 2529 838 2602 piscium
847 2547 907 2583 ossa
948 2529 1010 2606 nius
1020 2542 1096 2584 vocat
1106 2547 1168 2583 eum
1179 2542 1312 2584 ornatum.
1322 2530 1392 2584 Nam
1403 2530 1461 2602 qui·

393 2614 493 2668 babent
504 2613 546 2666 bis
560 2611 662 2684 angulis
675 2609 773 2682 singuli
786 2610 814 2662 in
827 2608 906 2663 oculo
948 2607 999 2663 bus
1011 2609 1166 2662 mulieribus
1177 2609 1243 2662 illita
1257 2611 1321 2664 luco
1332 2611 1413 2663 semel
1422 2621 1460 2663 est

393 2696 514 2748 velamen
525 2692 671 2766 praeferunt
681 2690 805 2744 verticale
816 2701 843 2742 et
857 2689 907 2740 im·
949 2687 1044 2756 facies,
1056 2687 1085 2741 id
1097 2689 1149 2741 nisi
1160 2687 1282 2760 quotidie
1292 2691 1354 2753 liat,
1365 2690 1460 2763 turpis·

392 2787 494 2827 motum
496 2770 577 2844 qnod
585 2771 741 2842 particulam
749 2769 821 2822 oculi
827 2766 906 2821 dnm
947 2767 1022 2822 simis
1033 2769 1105 2839 rugis
1120 2779 1147 2820 et
1161 2767 1250 2820 lurido
1266 2769 1357 2822 colore
1369 2769 1456 2823 statim

393 2864 467 2907 taxat
482 2852 577 2924 operit.
592 2851 693 2904 Piscem
713 2850 794 2901 usam
815 2848 907 2902 oculus
948 2848 1001 2901 ill·
1013 2867 1160 2901 miserrime
1171 2847 1315 2902 ludantur
1330 2851 1430 2903 urus.

392 2932 541 3004 distingui,
554 2949 633 3004 quern
645 2929 729 3002 possit
742 2941 829 2982 totum
840 2944 908 2999 ope·
989 2928 1017 2982 3.
1027 2924 1063 2980 Ut
1070 2933 1213 2996 mgueatur
1223 2930 1288 2981 oculi
1298 2949 1398 3001 presque.
1391 2929 1458 2982 ,1ιι

392 3013 447 3066 rire
458 3011 588 3085 palpebra
601 3008 771 3063 orbiculatim
788 3009 906 3061 terebra·
947 3025 1009 3061 reu.
1022 3007 1078 3061 Sat.
1087 3008 1115 3060 11
1117 3007 1190 3076 ,:93
1204 3007 1275 3061 ullle
1288 3003 1459 3080 supercilium

392 3105 418 3146 ta
424 3086 905 3164 ,spbiucterisquecujusdamsuxilio
947 3085 1054 3141 madida
1072 3086 1183 3159 iuligine
1206 3087 1321 3141 tinctum
1344 3089 1459 3160 Obliqna

392 3191 446 3226 sese
476 3168 627 3224 occludens.
654 3168 779 3222 Dilatatio
803 3167 834 3220 lit
856 3185 905 3238 per
947 3166 1075 3239 producit
1085 3185 1167 3219 acu
1183 3166 1268 3220 Divus
1278 3169 1458 3239 Hieronymus

391 3253 510 3324 quinque
521 3251 654 3303 musculos
661 3246 905 3319 radiatos,quiimo
947 3246 1015 3299 orbes
1034 3259 1112 3300 voest
1131 3247 1203 3299 stibio
1219 3248 1376 3317 ssls'gbsotss.
1387 3246 1458 3300 Vide

390 3332 486 3386 orbis·
499 3329 685 3384 adnectuntur.
699 3329 747 3381 Αι.
946 3325 1059 3398 libodig.
1075 3328 1131 3392 111,
1143 3345 1202 3399 cap.
1218 3329 1263 3381 sa.
1277 3327 1380 3380 Denso.

431 3411 504 3465 LVI.
521 3429 545 3464 1.
556 3410 687 3479 Palpebrae
696 3411 721 3460 iu
728 3409 805 3478 genis.
815 3405 905 3460 Genus
988 3415 1014 3470 4.
1026 3409 1083 3460 Hoc
1091 3406 1189 3460 Natura
1199 3406 1306 3460 dederat.
1317 3405 1458 3477 Palpebras

390 3490 508 3563 appellat
517 3490 656 3543 oculorum
670 3485 904 3560 tegumenta,pal·
945 3485 1090 3553 nimirum,
1112 3487 1183 3547 sive,
1200 3499 1231 3540 nt
1249 3498 1308 3539 mos
1328 3499 1368 3539 est
1384 3504 1457 3539 nnnc

391 3571 488 3642 pebras
500 3570 618 3641 pilorum
631 3569 730 3620 vallum
740 3606 747 3630 ‚
758 3577 789 3619 ut
797 3565 903 3620 Tullius
945 3565 1091 3638 loquendi,
1103 3566 1292 3638 palpebrarum
1306 3565 1385 3638 pilos.
1394 3565 1459 3619 Tul·

391 3649 525 3722 ioquitnr,
539 3648 586 3702 lib.
604 3650 632 3701 11
645 3647 679 3702 de
698 3647 759 3700 Nat.
771 3647 854 3700 Deos.
870 3665 899 3717 p.
945 3646 997 3699 lius
1007 3648 1140 3718 eleganter
1150 3647 1201 3699 loc.
1215 3647 1259 3700 cit.
1275 3647 1457 3717 «Munitmqne

396 3734 462 3793 108,
480 3731 578 3802 quibus
600 3730 664 3801 ipsas
682 3727 817 3800 palpebre
837 3735 912 3779 sunt.
945 3737 1007 3779 sunt
1025 3727 1160 3799 palpebras
1177 3738 1313 3797 tamquam
1328 3725 1400 3779 vallo
1414 3726 1457 3797 pi·

391 3811 511 3864 munitae.
533 3808 694 3880 igiturquia
716 3805 805 3860 Plinio
827 3823 901 3877 genu
944 3805 1031 3859 lorum
1047 3825 1054 3859 ι
1071 3807 1171 3877 quibus
1188 3820 1215 3858 et
1235 3805 1333 3875 apertis
1355 3805 1456 3870 oculis,

390 3890 524 3950 dicuntur,
534 3889 576 3942 bae
582 3889 673 3942 Tullio
680 3885 901 3959 palpebraetqnas
944 3883 1043 3958 siquid
1058 3884 1206 3950 incideret,
1221 3885 1413 3954 repelleretur:
1430 3897 1457 3937 et

390 3971 435 4024 ille
449 3970 598 4042 palpebras,
613 3963 763 4039 blspspidue
774 3966 831 4026 alii,
848 3967 900 4019 boc
943 3985 1037 4020 minuo
1046 3965 1264 4030 conniventibus,
1273 3981 1358 4036 quum
1372 3963 1456 4018 oculis

390 4063 443 4115 est,
453 4053 539 4120 τρίχας
551 4051 685 4118 ἱιιχάτιυς,
699 4048 767 4120 pilos
781 4046 828 4118 qni
841 4046 900 4118 pal·
943 4045 977 4099 ad
991 4043 1153 4099 cernendum
1167 4065 1223 4099 non
1235 4063 1389 4114 egeremus,
1403 4045 1458 4096 uti·

391 4137 532 4208 pebrarum
551 4149 610 4183 uras
631 4127 772 4192 ambiunt,
793 4139 898 4183 vocant.
943 4125 1454 4198 quatumquaminsolutiquiescerent.=
