3200 5159
575 564 728 633 LIBER
756 564 823 631 XI.
1157 562 1233 650 463

165 718 268 788 quum
283 709 317 763 et
336 696 369 763 in
385 695 461 762 nive
479 692 610 762 candidi
629 696 860 781 inveniantur,
882 706 916 762 et
930 695 1110 763 vetustiore
1118 691 1142 719 ¹²
1161 720 1234 764 ver·

165 800 279 869 aniculi
299 827 306 867 :
330 802 362 867 in
390 799 498 869 inedia
518 799 648 895 quidem
671 799 844 871 altitudine
866 798 955 870 rutili
981 797 1084 893 (nam
1113 814 1147 869 et
1166 803 1236 896 ipsa

166 892 256 975 nix'³
272 920 435 979 vetustate
456 895 646 999 rubescit),
663 910 741 977 hirti
759 906 850 1002 pilis,
872 906 1084 1001 grandiores,
1100 922 1236 1003 torpen-

166 1028 290 1106 tesque.

220 1122 329 1189 XLll.
352 1110 508 1212 (xxxvi.)
536 1120 651 1214 Gignit
672 1118 780 1213 aliqua
799 1134 833 1189 et
862 1121 1065 1189 contrarium
1089 1118 1233 1189 naturae¹
1256 1140 1268 1175 ¹

167 1223 378 1295 elementum.
408 1226 576 1320 Siquidem
603 1228 643 1295 in'
662 1228 784 1321 Cypri’
803 1227 929 1296 aerariis
961 1225 1175 1314 fornacibus,
1203 1241 1237 1295 et

211 1468 257 1505 ta.
271 1452 308 1503 Et
317 1454 453 1505 mentium
464 1452 550 1504 Etiam
561 1453 590 1505 in
601 1464 679 1505 retu·
722 1470 806 1517 aum
820 1465 877 1504 tum
887 1452 980 1505 exime
990 1452 1127 1517 facultate,
1152 1466 1209 1507 tum
1220 1472 1235 1507 e

168 1531 262 1589 stione.
288 1532 411 1602 quamvis
434 1550 464 1585 ea
483 1532 569 1588 minua
584 1531 680 1587 haben
722 1532 788 1588 lecit
807 1544 834 1588 et
849 1532 1038 1603 temporibus:
1055 1551 1143 1603 neque
1161 1535 1234 1589 enim

168 1607 298 1677 humoris,
308 1630 387 1682 quam
403 1630 560 1685 quaererent
570 1610 678 1665 decidit.
723 1612 798 1685 parvi
823 1613 932 1665 intereat
951 1624 1046 1665 notare
1067 1612 1138 1667 hano
1152 1627 1234 1667 mete·

168 1688 231 1742 Hoc
257 1688 351 1743 iisdem
370 1691 453 1743 imme
473 1691 561 1743 verbis
578 1692 678 1744 Philon.
722 1694 789 1745 riam
816 1691 907 1743 aestivo
927 1692 1073 1763 presertim
1100 1705 1234 1763 tempore,

167 1770 227 1822 loeo
242 1770 311 1823 citat.
327 1772 375 1823 «ln
386 1772 566 1835 vetustanive,
577 1771 678 1842 inquit,
722 1784 803 1842 atque
817 1771 849 1823 iia
857 1771 1003 1841 prmaertim
1017 1771 1081 1823 loeis
1089 1772 1178 1843 colligi
1187 1773 1235 1843 qai

170 1866 282 1915 vermes,
289 1851 335 1921 qui
342 1864 483 1921 propterea
493 1862 518 1902 et
528 1850 679 1915 rubrieunt,
723 1850 824 1904 multon
844 1849 922 1903 florea
941 1851 1095 1920 praeierant.
1113 1850 1171 1904 lloo
1184 1852 1234 1904 At·

170 1941 197 1981 et
212 1928 309 1983 hirsuti
324 1949 331 1983 :
348 1930 411 2001 quia
424 1930 470 1985 uix
486 1941 559 1983 vetut
572 1948 679 2002 qaoque
723 1928 993 2001 piumaeco123aedin
1003 1929 1235 1999 Ργκιιιίιοιᾶεω

169 2008 251 2061 rubra
269 2022 320 2062 eet:
336 2022 363 2062 et
380 2009 444 2063 eaelo
454 2007 558 2080 tepido,
575 2010 603 2061 io
618 2010 680 2063 nive
724 2010 833 2062 materia
854 2009 974 2072 intenta,
1002 2010 1137 2071 arnono,
1162 2024 1236 2081 poet·

169 2100 233 2141 eunt
253 2088 375 2153 mudidi,
394 2102 421 2142 et
435 2086 568 2160 gaudes:
589 2108 680 2143 omnes
724 2108 805 2165 quarn
818 2090 887 2143 hano
896 2089 1031 2163 gravitatis
1041 2108 1096 2143 ease
1105 2090 1237 2162 comperit

170 2178 259 2221 autem
273 2167 446 2241 tepidioret.·
463 2157 495 2222 dv
508 2170 568 2236 χιόνι
582 2175 614 2238 τῇ
628 2188 680 2221 na·
725 2187 798 2240 aquae
810 2168 917 2241 pondus
925 2170 1083 2239 superantia,
1091 2170 1237 2241 auspicatur

170 2250 230 2319 λαιᾷ
246 2248 385 2310 σκώληκας·
403 2249 497 2319 'fierem
511 2244 540 2300 di
556 2248 680 2305 teuent
724 2262 765 2302 ott
782 2248 913 2320 originem
926 2248 955 2301 in
969 2249 1158 2315 mineralibua;
1173 2268 1236 2303 mox

172 2330 320 2399 lputpartpa·
334 2324 373 2381 dd
381 2330 423 2383 καὶ
435 2330 455 2382 al
468 2328 590 2389 σκόληκις
602 2335 680 2383 rotet·
724 2346 755 2381 re
765 2328 889 2381 attentius
903 2342 1039 2400 perspecta
1050 2329 1237 2383 munatiavite

171 2426 227 2473 τοι,
238 2408 280 2460 aei
293 2406 389 2470 δασεῖς·
401 2410 425 2461 el
437 2404 466 2461 di
479 2411 506 2461 la
518 2414 563 2467 τῆς
574 2410 597 2461 tv
608 2404 681 2478 εὐδίᾳ
725 2421 867 2480 spontanee
877 2406 1055 2480 quorumdam
1064 2408 1239 2462 mieaaolutio·

171 2488 259 2555 χιόνος,
268 2488 369 2561 ,tendat
381 2488 423 2541 ael
437 2489 529 2540 λιυκοί·
540 2483 681 2545 δυσκίνητοι
725 2506 759 2541 ne
776 2487 848 2540 illam
863 2487 943 2558 gigni.
958 2486 1056 2540 Denuo
1070 2488 1112 2540 vir
1128 2490 1238 2559 praeela-

171 2562 201 2619 dl
215 2568 317 2629 retieret.
331 2568 412 2621 Hune
428 2568 508 2643 Plinii
521 2568 608 2619 loeutn
625 2568 682 2621 Sal·
726 2587 780 2633 rna,
792 2586 829 2619 nn
837 2568 981 2632 Lamon,
989 2568 1017 2619 ni
1027 2566 1114 2631 fallor,
1128 2580 1239 2621 testatur

173 2646 271 2699 metina
283 2665 342 2721 pag.
362 2664 425 2719 177,
438 2648 466 2700 in
484 2647 567 2699 Solia.
582 2647 683 2701 Pintia·
726 2647 795 2699 hane
805 2665 838 2699 ex
844 2646 1063 2699 animalculorum
1069 2646 1239 2701 multitudine

172 2744 238 2778 num
260 2728 392 2790 imitatur,
414 2739 444 2781 ut
470 2726 609 2796 intelligat,
625 2746 684 2799 per-
726 2728 920 2781 constarent.

172 2805 271 2870 vertit,
290 2819 377 2876 spreta
403 2806 523 2859 omnium
552 2806 682 2859 librorum
767 2806 852 2859 XLII.
879 2825 904 2859 r.
918 2806 957 2857 Et
975 2810 1121 2859 comanam
1133 2820 1237 2861 natam.

172 2886 327 2939 auctoritate
343 2898 370 2939 et
380 2905 518 2939 ooneenmn
532 2884 622 2939 Haan.
727 2886 808 2957 ignia.
822 2885 914 2939 Hane.

218 2963 261 3018 13.
272 2968 366 3037 Etiam
375 2972 424 3020 aie.
433 2967 519 3035 Hujus
529 2966 567 3019 rei
579 2984 683 3019 eanum
772 2984 796 3017 a.
807 2966 929 3037 Siquidem
943 2968 968 3016 ia
979 2964 1062 3038 Cypri.
1074 2963 1116 3018 Ad
1130 2966 1239 3019 verbum

174 3042 404 3100 Conimbrieeneea
416 3046 614 3115 investigarem
627 3046 684 3099 Me·
728 3044 756 3099 id
770 3046 850 3098 Arist.
872 3044 940 3099 Hiat.
962 3046 1051 3099 Anien.
1067 3046 1114 3099 lib.
1131 3046 1167 3110 V,
1180 3064 1238 3118 cap.

174 3124 383 3183 teotolnriatot.
397 3142 472 3183 tract.
488 3144 517 3195 7,
532 3148 554 3182 c.
570 3125 596 3183 5.
610 3126 686 3181 Η.-
734 3130 779 3192 re,
790 3144 818 3195 p.
834 3128 898 3189 tot.
910 3124 1126 3189 Seneca,Natnr.
1141 3126 1240 3190 Queat.

175 3205 233 3275 Ipse
242 3212 285 3263 nie
298 3223 423 3262 vetustate.
440 3209 520 3261 Putat
535 3227 589 3260 non
604 3207 686 3277 ipsius
729 3206 776 3260 lib.
795 3206 830 3269 V,
843 3223 900 3278 cap.
924 3208 962 3257 6:
976 3224 986 3244 ·
997 3204 1044 3257 Est
1062 3224 1127 3275 ergo
1139 3206 1241 3277 aliquid

174 3286 244 3339 nivis
258 3288 376 3345 colorem
390 3290 428 3341 sic
440 3286 552 3352 mutari3
566 3304 628 3339 nam
645 3298 683 3338 ta·
729 3286 757 3337 ln
767 3304 834 3355 aqua
847 3286 935 3337 vitale.
949 3285 990 3337 De
1002 3304 1069 3357 aqua
1078 3284 1159 3338 dico?
1170 3287 1241 3356 Ignis

176 3368 213 3420 lea
230 3372 390 3423 mutationes
401 3368 484 3421 videri
501 3367 528 3419 iu
548 3378 685 3438 comperto
731 3367 777 3436 qui
791 3365 1028 3429 omniaoousumit,
1036 3363 1155 3436 quadam
1163 3367 1241 3419 etiam

175 3460 230 3512 eat,
251 3451 385 3521 precipue
398 3448 482 3501 sicubi
497 3447 629 3499 montium
647 3444 686 3499 nl·
731 3457 818 3498 creat:
844 3457 869 3497 et
889 3443 962 3517 quod
981 3443 1065 3497 videri
1083 3464 1137 3497 non
1156 3458 1243 3516 potest

176 3526 318 3583 titudinem
340 3530 386 3581 nix
407 3524 542 3598 profunda
564 3536 685 3597 occupat.
730 3525 815 3577 simile
828 3524 896 3581 veri,
913 3522 960 3578 aed
977 3536 1064 3577 tamen
1082 3542 1176 3576 verum
1190 3539 1239 3589 eat,

177 3609 229 3664 Sed
244 3626 366 3681 quaenam
390 3608 446 3661 lateo
462 3608 494 3659 eit
513 3606 686 3677 materiaque
729 3603 852 3657 animalia
872 3604 933 3675 igne
947 3616 1134 3674 generantur.»
1152 3606 1240 3657 Accu-

176 3690 277 3760 adjecta
286 3690 327 3742 vel
336 3688 563 3751 immixta,verrua
573 3676 686 3738 int-ulio-¹
729 3684 814 3736 retius
823 3696 910 3736 tamen
922 3684 1063 3754 veriusque
1077 3698 1167 3755 putem
1184 3686 1245 3738 ari-

176 3789 233 3823 rem
251 3768 360 3833 candor,
377 3766 405 3820 id
427 3768 454 3819 in
479 3766 686 3818 controversiam
730 3764 852 3816 atotelem
867 3781 922 3816 esee
939 3764 1072 3828 locutum,
1095 3764 1141 3834 qui
1163 3766 1186 3815 la
1206 3772 1242 3836 τῷ

177 3848 256 3903 cadit.
269 3849 347 3903 Certe
359 3849 470 3919 hujusce
477 3846 593 3899 materiae
603 3864 685 3916 quum
730 3842 803 3914 πυρὶ,
818 3842 848 3895 iu
861 3843 931 3915 igne,
942 3845 1061 3914 generari
1070 3842 1243 3913 dixit,quam

178 3930 267 3981 uritur
289 3918 397 3999 (porro
424 3928 509 3979 uritur
538 3922 687 3988 facillime)
732 3922 1057 3995 Senecam,quiexigne,
1069 3925 1096 3975 ta
1108 3927 1150 3975 τοῦ
1160 3925 1242 3992 πυρός.

177 4008 246 4060 odor
257 4026 337 4079 quem
345 4006 688 4075 ustulatioemittit,parum
733 4001 862 4068 Ovidius,
875 4003 994 4066 Faetvl,
1007 4022 1061 4072 ²9²
1076 4020 1082 4053 :
1098 4028 1110 4047 ·
1121 4000 1243 4072 Nataque

179 4086 525 4159 abluit,quineplantarum
534 4083 689 4139 staminibus
732 4081 767 4136 de
790 4084 897 4137 flamma
916 4102 1029 4154 corpora
1049 4081 1123 4135 nulla
1138 4080 1241 4134 videa.-

179 4168 316 4239 pulverem
327 4166 468 4238 quemdam
478 4164 598 4219 crederet
608 4164 688 4217 Saue·
732 4164 899 4228 Lactantiue‚
912 4162 1013 4220 laenl,
1033 4179 1086 4223 tn.
1104 4160 1130 4214 t,
1152 4162 1205 4213 En.
