3200 5159
524 527 681 596 LIBER
716 528 800 596 x1..
1104 522 1174 599 501

114 649 233 737 forati,
253 666 292 721 ut
304 676 517 792 scorpionum
531 643 655 728 ιιοιιΙεί3
663 681 855 746 ‚venenum
870 656 1091 728 infundentes.
1101 661 1179 729 Non

113 755 205 826 aliud
224 758 289 830 hoc
310 748 398 830 esse⁴
419 785 519 881 quam
542 761 586 832 fel
611 765 829 860 serpentium,
854 777 888 832 et
908 762 984 832 inde
1004 765 1097 844 venis
1117 765 1179 834 sub

114 864 210 958 spina
231 864 274 933 ud
300 892 337 936 os
366 870 558 962 pervenire,
556 869 819 999 diligentissimi
838 884 991 940 auctores
1017 871 1176 944 scribunt.

114 969 260 1058 Quidam
273 996 377 1042 unum
392 998 462 1044 esse
473 961 568 1044 eum⁵
582 991 638 1046 'et
651 978 729 1071 quia
743 977 785 1046 sit
799 975 948 1046 aduncus
955 977 1179 1071 ,resupinari,

81 1077 85 1086 ’
113 1099 217 1169 quum
231 1079 455 1149 momorderit.
471 1079 600 1176 Aliqui
620 1097 700 1152 tunc
718 1080 870 1152 decidere
887 1106 963 1151 eum
972 1107 1179 1178 ,rursusque

113 1204 320 1270 recrescere,
347 1185 475 1256 facilem
490 1175 675 1257 decussu⁶z
694 1201 728 1258 et
749 1189 819 1258 sine
839 1213 879 1257 eo
901 1211 987 1268 esse,
1013 1211 1097 1282 quas
1112 1203 1178 1258 tra·

113 1419 184 1456 rmus
197 1403 327 1478 interpres
338 1408 375 1462 sic
386 1405 523 1462 reddidit:
538 1409 625 1474 «Quu-
668 1407 701 1462 rd
715 1408 833 1481 gingiva
851 1427 934 1480 usque
950 1410 1097 1482 pertinent.
1118 1427 1179 1481 quo

115 1493 179 1535 tuor
191 1483 231 1537 illi
241 1485 313 1541 intus
326 1485 419 1541 denter
430 1488 559 1560 curvique
568 1507 626 1554 ,ctr-
667 1488 730 1542 huic
745 1506 848 1542 veneno
858 1489 925 1542 illuc
937 1486 1093 1542 devehendo
1106 1490 1175 1543 foret

114 1560 204 1632 vique,
218 1565 254 1619 Et
273 1566 361 1638 longi,
383 1567 496 1624 maxille
511 1567 624 1621 altisru·
668 1569 782 1622 maximo
809 1567 954 1621 necessarie
982 1586 1071 1638 opere.
1097 1567 1178 1635 Quod

114 1639 219 1697 dicibus
233 1645 342 1700 herent
357 1646 392 1700 tii
410 1647 484 1702 virus
502 1646 625 1719 cupiunt,
668 1666 731 1701 vero
746 1647 848 1718 viperei
863 1645 950 1700 dentis
963 1648 998 1700 sit
1010 1647 1097 1700 letalis
1109 1667 1181 1701 mor-

113 1721 206 1776 tunica
218 1742 296 1796 super
304 1724 500 1797 undiquetecti,
507 1740 558 1780 etc.
569 1725 623 1778 ιΗ.
667 1746 725 1793 eus,
739 1728 775 1780 uit
790 1726 909 1780 interm
921 1744 977 1780 esse
992 1726 1101 1798 spiritus
1120 1728 1181 1781 irri-

60 1875 61 1880 ,
156 1801 183 1856 3,
203 1803 238 1856 Ut
252 1809 400 1877 scorpionum
416 1807 501 1860 aculei.
516 1805 624 1860 Tertul·
668 1818 749 1867 tutoe‚
765 1823 832 1878 quos
846 1806 936 1876 ripere
952 1819 1010 1859 tum
1024 1806 1103 1860 simul
1118 1826 1178 1860 cum

114 1880 213 1946 lienus,
224 1883 253 1936 in
262 1883 411 1956 Scorpiace,
419 1885 479 1957 ipso
493 1884 582 1950 initio,
589 1883 624 1938 de
667 1903 758 1938 morsu
766 1885 900 1947 immittit,
910 1884 1093 1957 imprimitque
1104 1905 1110 1939 :
1120 1905 1180 1958 quas

113 1963 263 2034 scorpionis
270 1963 368 2018 mudu:
381 1963 516 2035 «scorpii,
527 1964 624 2035 inquit,
666 1963 779 2018 irritatio
792 1964 814 2016 si
828 1964 948 2030 rbeeset,
965 1982 1082 2019 morsum
1100 1967 1179 2036 piune

114 2041 195 2095 series
211 2042 257 2097 illu
274 2043 425 2108 nodorum,
441 2044 623 2098 venenrtein·
666 2043 807 2097 innoxium
831 2043 902 2109 fore,
928 2043 1052 2114 plurimis
1074 2047 1179 2116 experi-

113 2119 243 2174 trinsecus
258 2123 353 2176 veuulr
371 2122 490 2187 subtilis,
518 2135 624 2176 arcuato
666 2124 762 2177 mentis
780 2124 994 2194 comprobatum.
1010 2123 1132 2196 Denique
1147 2125 1180 2177 il-
1183 2139 1199 2157 ⁸

113 2212 218 2272 impetu
227 2219 350 2274 surgens
362 2202 484 2256 ΙιιιιιιιιιιΙο
492 2201 622 2274 spiculum
665 2201 856 2274 ludedjuugit:
865 2203 900 2256 fel
909 2202 1178 2274 vipereumudeouou

112 2278 143 2332 in
156 2297 261 2336 summo
280 2282 406 2336 tormenti
426 2282 528 2336 ratione
546 2281 625 2336 strin·
666 2301 720 2336 esee
730 2281 821 2339 letale
832 2294 907 2335 utne
919 2282 952 2335 sit
964 2281 1178 2374 quidemleviter

112 2359 207 2429 gin·
199 2361 256 2416 ·1d
267 2361 415 2454 spiculum,
426 2373 452 2415 et
465 2361 622 2424 fistulam,
666 2361 795 2415 noxium·
808 2361 918 2431 sepius,
930 2374 1009 2432 atque
1022 2361 1176 2433 ingentieo-

113 2439 206 2510 patule
218 2439 347 2494 tenuitate
356 2441 384 2494 iu
394 2442 492 2494 vulnus
502 2453 529 2494 et
542 2440 624 2506 virus,
665 2441 710 2513 pir
725 2460 740 2495 r
757 2440 880 2498 crnibus,
893 2441 1002 2506 felibus,
1013 2442 1177 2512 gelliuuceis·

113 2535 167 2590 que
178 2520 252 2590 figit,
264 2518 388 2575 effundit.
400 2546 411 2568 ι
423 2520 496 2574 Vide
506 2532 533 2573 et
544 2520 623 2573 Besil.
666 2520 720 2592 q'ue
742 2521 853 2591 impune
874 2538 1019 2574 comesum·
1033 2522 1125 2574 Henn-
1137 2551 1177 2563 -

112 2597 142 2650 ln
153 2599 279 2653 Heraens.
288 2600 389 2654 Homil.
407 2618 433 2669 9.
447 2601 538 2653 Hero.
666 2601 738 2653 Vere
751 2618 810 2672 quse
823 2599 897 2669 prius
918 2597 987 2653 dixit
1001 2599 1102 2654 Atesiru
1121 2601 1177 2654 vim

156 2684 182 2742 4.
202 2679 260 2734 Non
283 2679 354 2732 uliud
378 2681 422 2731 froc
448 2678 624 2749 esse.Viperas
665 2679 838 2733 morbiferam
857 2676 973 2732 derivari
994 2697 1117 2733 somnum
1139 2693 1178 2734 est

113 2768 186 2810 certe
201 2776 333 2813 venenum
349 2756 422 2813 eliud
442 2777 513 2821 esse,
527 2771 584 2812 ιιιιιι
608 2776 623 2811 ιι
665 2777 778 2813 merum.
802 2759 889 2811 Immo
910 2775 942 2811 er
962 2769 1001 2812 est
1026 2759 1178 2831 viperinum

114 2837 194 2904 felle,
207 2851 264 2892 tum
284 2860 298 2894 ιι
314 2857 393 2893 succo
407 2837 525 2910 quodum
538 2835 621 2904 flavo,
667 2840 740 2893 virus
752 2836 927 2908 malignitate,
933 2848 964 2890 ut
975 2837 1088 2891 biennio
1097 2838 1177 2894 etiam

113 2917 163 2988 qni
179 2918 295 2973 vesicula
312 2919 478 2990 gingivarum
501 2918 623 2970 contine·
665 2927 854 2990 postmortem
871 2917 994 2988 sanguini
1011 2917 1115 2972 illatum
1136 2919 1178 2973 iu·

114 3007 170 3063 tur,
180 3009 254 3053 reete
267 2998 408 3054 Clrrrrsiue
416 2996 551 3065 doeet,in
561 3015 623 3050 rur·
665 2997 844 3068 stillatumque
858 2996 1006 3051 miserrime
1017 3012 1116 3053 enecet.
1126 2997 1177 3054 As.
1284 3005 1287 3009 '
1363 3040 1367 3049 ,

113 3075 196 3129 toruis
210 3077 328 3148 viperas,
345 3096 403 3151 erp.
417 3079 444 3136 8,
454 3096 572 3148 peperi.
589 3079 622 3130 Iu
709 3075 828 3132 illrum
841 3078 1147 3134 essemnenremJt.
1183 3083 1187 3088 “

113 3156 203 3228 cupite
215 3157 367 3230 viperarum
387 3154 494 3229 glandes
513 3157 548 3209 rit
569 3174 623 3208 esse
708 3160 735 3210 6.
756 3157 894 3228 Rursusque
917 3176 1062 3223 recrescere,
1077 3159 1178 3226 facilem

113 3235 267 3302 uliverius,
279 3236 341 3292 flavi
352 3234 491 3290 colorisud
507 3235 624 3306 gingivr·
666 3238 773 3292 decuere.
788 3235 899 3308 Optime
911 3249 1178 3309 utrumque3nrmet

112 3334 175 3368 rum
191 3335 276 3390 usque
295 3316 451 3380 resiculruu3
465 3315 513 3386 qui
524 3315 624 3368 humor
667 3315 792 3370 facillime
814 3317 981 3392 succutitur,
1001 3317 1179 3390 frangiturre,

112 3395 230 3450 hominis
240 3396 337 3460 salire,
347 3408 427 3468 etque
438 3394 624 3460 unimdntium,
667 3415 713 3450 seu
722 3395 750 3448 in
758 3395 881 3455 vulnere,
889 3415 937 3450 seu
943 3396 996 3450 alio
1006 3397 1088 3451 modo
1100 3399 1179 3469 pestis

112 3477 289 3548 proportione
308 3473 484 3546 respondeat,
497 3473 624 3543 idemin·
667 3475 729 3540 ille,
750 3472 797 3528 sed
816 3493 907 3529 semen
935 3474 1022 3531 dentis
1038 3478 1103 3532 novi
1122 3497 1178 3530 non

112 3555 210 3609 noxius
216 3555 264 3623 rit,
277 3556 485 3610 sisorbeatur.A
496 3553 556 3608 felle
564 3572 622 3608 ruc-
667 3573 750 3609 unum
765 3553 873 3626 quidem
887 3557 1059 3626 prepositum
1072 3575 1088 3610 e
1100 3569 1178 3611 urtu-

114 3653 179 3688 cum
192 3635 302 3688 minime
317 3634 398 3698 oriri,
414 3635 489 3689 color
506 3635 564 3705 ipse
583 3635 624 3687 in·
667 3654 697 3689 re
717 3634 782 3700 fuit3
797 3652 848 3687 neo
860 3636 947 3688 multo
962 3648 1024 3707 post
1040 3653 1121 3709 quern
1136 3656 1177 3690 ιιι-

113 3712 199 3780 dicet,
211 3733 294 3787 quum
311 3715 344 3769 sit
355 3715 398 3767 fel
414 3712 555 3768 viriditatis
569 3714 624 3766 exi·
669 3727 798 3768 mrturem
818 3715 951 3768 alternum
960 3713 1111 3770 defuturam
1123 3735 1179 3787 spe<

113 3794 175 3848 miae
198 3812 204 3846 :
229 3808 320 3866 gustus
342 3795 419 3858 item,
444 3794 491 3866 qui
515 3795 543 3846 in
563 3793 626 3846 felle
669 3795 1116 3856 raveras‚hecinetructumrursus
1131 3814 1180 3848 un-

114 3871 309 3940 acerbissimus,
315 3874 343 3927 in
352 3891 469 3928 eoeueoo
479 3871 624 3945 injucunde
670 3891 750 3946 guem
765 3872 853 3938 doles,
870 3875 898 3927 ni
913 3874 971 3944 ipse
983 3891 1016 3927 eo
1031 3874 1113 3928 modo
1123 3876 1180 3926 eri-

115 3953 216 4019 surris,
231 3947 351 4007 dulcium
370 3952 570 4025 smygdalnrum
585 3969 625 4004 re·
669 3953 816 4006 etimeveris
832 3969 886 4023 quo
904 3952 1024 4024 chirurgi
1041 3966 1068 4006 et
1090 3952 1181 4005 idonei

117 4033 203 4086 ferens
217 4051 347 4104 soporem.
369 4033 453 4104 Neget
467 4029 564 4086 deinde
581 4049 627 4084 res
670 4031 790 4090 dentium
803 4045 937 4087 curatores
949 4045 975 4086 et
990 4029 1181 4103 ὀδιιτιιλγιῦιτι

117 4132 172 4166 esse
187 4112 271 4166 ullum
278 4152 286 4178 ‚
297 4125 342 4166 eut
352 4131 456 4178 venem,
470 4130 528 4184 que
539 4132 554 4165 a
565 4111 626 4167 felle
670 4112 812 4171 extrahunt
818 4112 989 4183 evelluutque
997 4110 1182 4166 rudicitumtr.

984 4201 1054 4288 32³
