3200 5159
582 538 737 607 LIBER
761 537 826 606 XI.
1172 537 1239 638 587

173 657 289 744 etiam³
322 669 449 742 calculo
475 673 625 742 humano
657 670 803 742 remedia
838 658 1015 767 praecipua.
1041 676 1130 744 Urso
1157 701 1240 769 quo-

173 767 250 876 que⁴
261 779 359 849 simul
379 793 477 874 utque
492 779 723 874 exspiraverit,
738 803 933 848 cornescere
944 781 1046 849 aiunt
1056 769 1241 853 Camelino⁵

173 909 271 956 arcus
286 885 475 970 intendere,
491 886 638 955 Orientis
652 883 784 981 populis
797 884 1002 955 fidissimum.
1015 884 1087 956 Nec
1102 913 1169 959 non
1186 888 1241 957 ali-

174 1017 241 1088 qua
266 994 414 1088 gentium
439 976 590 1087 quoque⁶
615 991 651 1060 in
675 991 742 1061 hoc
772 991 983 1077 discrimina,
1009 1007 1043 1061 at
1070 1018 1240 1066 sacrorum

175 1100 381 1187 ctiam,citra
395 1099 574 1193 perniciem
587 1098 837 1194 amputantibus
851 1098 970 1168 Matris
985 1099 1113 1169 Deum⁷
1127 1101 1242 1172 Gallis.

176 1205 303 1278 Contra
331 1203 507 1275 mulierum
531 1205 645 1300 paucis
677 1203 867 1300 prodigiosa
896 1194 1103 1277 assimilatio·
1124 1227 1133 1270 t
1158 1207 1277 1279 cicuta

177 1309 485 1406 hermaphroditis⁹
511 1312 682 1405 utriusque
707 1335 805 1382 sexus
825 1333 834 1375 τ
855 1311 947 1406 quod
968 1313 1067 1382 etiam
1094 1314 1244 1408 quadru-

176 1418 300 1512 pedum
318 1419 432 1512 generi
448 1417 607 1488 accidisse
627 1419 771 1488 Neronis
789 1419 978 1514 principatu
995 1421 1140 1515 primum
1157 1423 1243 1490 arbi·

177 1536 261 1594 tror-
275 1525 473 1596 Oswntabat
484 1539 574 1594 certe
584 1523 874 1619 hermaphroditas
883 1525 1075 1620 subjunctas
1085 1541 1245 1623 carpento

178 1758 277 1818 animal
289 1761 453 1825 medicinale,
464 1774 494 1816 nt
504 1761 690 1835 dicuntvirga
767 1782 793 1836 7.
800 1767 888 1817 Μανῆν
900 1771 976 1818 Deum
986 1768 1073 1820 Gallis.
1084 1767 1126 1820 Dc
1133 1765 1184 1820 hoc
1193 1767 1245 1823 ritu

178 1843 250 1896 enirn
262 1842 365 1898 furonis
377 1844 488 1899 masculi
501 1843 688 1916 magunutili-
733 1843 830 1897 iterum
849 1843 917 1897 libro
933 1845 1050 1912 XXXV,
1073 1863 1132 1918 cap.
1152 1845 1246 1910 41111.

179 1923 237 1976 tatia
249 1935 288 1976 ast
298 1923 392 1997 eisqui
404 1925 545 1997 patiuntur
554 1924 581 1977 in
593 1923 690 1986 vetica,
733 1949 769 1965 ·-
780 1926 848 1976 cisra
853 1927 988 1994 perniciem
999 1924 1245 1994 amputantibres.'l'c·

179 2015 205 2056 ct
217 2002 256 2056 eis
267 2001 312 2075 qui
320 2005 442 2076 guttatim
457 2014 558 2058 etcum
571 2001 689 2056 difficul-
734 2014 773 2057 sta
781 2001 871 2057 Samia
880 2043 888 2067 ,
897 2003 966 2057 inira
979 2005 1026 2058 tib.
1036 2004 1169 2070 XXXIX,
1188 2024 1245 2078 cap.

179 2083 373 2155 tateminguut,
382 2084 508 2137 nitentur
517 2101 588 2138 exeo
600 2081 691 2146 nucia,
737 2101 780 2144 aa,
790 2084 842 2137 aab
856 2083 946 2137 finem.
955 2086 1072 2137 Proecisos
1083 2085 1119 2138 ob
1131 2083 1158 2136 id
1168 2098 1246 2138 vocat

178 2171 230 2218 att·
240 2186 255 2207 ν
268 2161 307 2219 Et
315 2179 380 2218 rem
391 2162 568 2216 medicamina
579 2162 691 2216 circula-
733 2161 902 2237 Lampridius
922 2163 951 2216 in
973 2163 1163 2237 Heliogabalo:
1181 2191 1193 2209 .
1202 2164 1247 2218 Ja-

179 2241 244 2296 toris
253 2252 299 2294 aut
309 2242 481 2315 anus‚potius
493 2259 572 2315 quam
585 2251 692 2296 natura·
734 2243 814 2298 stavit
832 2256 920 2298 autern
936 2255 1017 2316 caput
1031 2242 1101 2297 inter
1120 2242 1246 2316 praecisos

179 2320 247 2374 lium
258 2339 347 2374 rerum
356 2322 435 2394 periti
444 2341 509 2388 csse,
518 2339 628 2376 monere
636 2339 692 2374 uon
735 2323 909 2389 lauatiooa,et
917 2322 1040 2394 genitalia
1045 2323 1097 2376 sibi
1105 2322 1244 2377 devinxit.-

179 2401 356 2454 uaeesssrium
367 2414 414 2454 est.
427 2401 516 2456 Hann.
536 2413 562 2456 et
575 2405 621 2455 Αι.
734 2402 861 2457 solebant
873 2421 954 2474 porro
967 2403 1006 2456 illi
1018 2401 1126 2456 fanatici
1140 2413 1165 2456 ct
1173 2403 1244 2475 lym·

215 2481 240 2533 3.
255 2483 326 2532 Unde
333 2483 416 2533 seiam.
427 2483 495 2534 Rasa
505 2480 692 2554 tritaquelarl·
734 2479 827 2553 pbati‚
840 2481 913 2534 vetut
925 2480 1019 2535 divino
1032 2480 1128 2554 spiritu
1147 2480 1243 2547 afflati,

178 2557 224 2622 dor
249 2559 389 2630 genitalia.
420 2576 477 2614 esse
507 2560 693 2614 laborantibus
735 2571 762 2614 et
785 2573 853 2614 estu
870 2558 986 2632 quodam
1011 2561 1110 2614 mentis
1134 2560 1246 2633 perciti,

180 2639 263 2692 arlnrc
279 2638 436 2694 difficultate
451 2640 618 2706 remedium,
631 2659 694 2712 pro·
735 2640 844 2711 vagari,
859 2653 939 2712 caput
948 2643 1061 2713 jactare,
1070 2653 1246 2715 contorquere

179 2716 250 2772 didit
272 2718 404 2773 Aristotel.
433 2717 502 2772 Hist.
534 2719 693 2773 Animalium
735 2717 902 2772 bucillucct
919 2717 1021 2774 flectcre
1035 2718 1243 2774 furibundorum

180 2797 228 2850 lib.
238 2797 296 2860 tx,
315 2815 374 2870 cap.
390 2815 424 2865 9,
446 2816 505 2869 pag.
522 2815 599 2867 ¹¹¹7·
615 2799 695 2850 Itcrn-
736 2798 841 2870 aperie,
851 2798 1003 2853 virilitatem
1015 2811 1167 2873 amputare,
1181 2797 1247 2854 rati-

180 2894 233 2949 que
253 2887 345 2930 auctor
367 2876 430 2930 libri
452 2877 548 2932 Mirab.
571 2878 693 2931 Auscult.
736 2877 842 2932 cinari:
862 2896 939 2950 quse,
959 2891 990 2933 ut
1013 2879 1169 2933 Plutarchus
1187 2879 1248 2934 ait:

180 2975 241 3029 pag.
255 2957 330 3011 1151.
343 2955 437 3010 Eun.
736 2964 817 3032 μανία
829 2957 859 3018 iv
874 2967 924 3015 rias
945 2961 1084 3033 ὀρινομένων
1102 2963 1145 3015 oba
1167 2963 1250 3035 ῥιψαὺ·

216 3045 242 3102 4.
265 3041 327 3088 Urso
349 3055 455 3104 quoquc.
475 3036 563 3090 Etiam
592 3036 694 3092 viventi
735 3062 787 3111 χννι
801 3043 887 3114 κλόνῳ.
903 3038 1028 3094 Lucanus
1049 3055 1056 3092 ε
1078 3041 1249 3114 ucrinemque

181 3133 287 3170 osseum
303 3119 331 3170 τὸ
344 3114 436 3172 αἰδοῖον
449 3135 520 3180 crac,
535 3128 603 3172 utet
615 3118 695 3190 lupo,
737 3131 855 3174 rotantes
873 3119 1016 3192 sanguinei
1030 3119 1136 3192 populis
1146 3120 1250 3173 cecine-

181 3197 278 3256 acinro.
288 3195 415 3257 maronias,
431 3197 500 3260 cani,
512 3197 624 3270 aliisque
634 3198 694 3269 qui·
736 3212 800 3254 runt
815 3199 901 3254 tristia
914 3197 993 3253 Galli.
1003 3224 1014 3246 ι
1029 3199 1196 3268 Brissonius,
1209 3200 1248 3264 Il,

182 3275 275 3328 bunos
289 3274 356 3327 inest
374 3274 402 3326 in
421 3287 538 3328 extremo
556 3294 603 3340 eo,
619 3277 695 3330 aiunt
737 3299 795 3354 cap.
809 3279 849 3334 13.
863 3279 931 3333 Diu.
1155 3280 1158 3284 ’

182 3353 322 3408 anatomici
330 3354 530 3418 recentiores,in
537 3356 694 3410 dnatomica
773 3362 797 3414 8.
808 3362 953 3430 Prodigiosa
963 3361 1118 3413 assbnr‘laaio.
1129 3355 1171 3412 Ad
1180 3355 1251 3412 sirni-

183 3433 366 3505 Deacriptione
375 3434 516 3508 urai,pag.
528 3453 571 3506 97.
585 3435 674 3490 liano.
736 3438 879 3494 litudinem
902 3440 958 3493 lere
976 3439 1085 3494 masculi
1112 3437 1250 3512 genitalia,

220 3513 246 3568 5.
266 3514 404 3566 Comelino.
424 3514 591 3569 Aristotelica
609 3515 695 3568 oratlo
738 3517 909 3592 productiore
940 3519 1074 3593 nympha,
1095 3519 1128 3573 ad
1155 3519 1250 3580 binos,

182 3591 297 3665 planior,
310 3592 377 3646 illst·
390 3593 479 3646 duim.
495 3593 585 3658 ΕΗ,
597 3611 657 3667 cap-
669 3612 694 3658 a,
737 3611 860 3652 ternosve
873 3595 985 3670 digitos,
1000 3597 1038 3650 nti
1050 3597 1195 3655 Sennertus
1209 3613 1252 3651 ex·

183 3690 243 3744 pag.
256 3671 317 3734 524.
328 3671 428 3725 Cameli
443 3671 555 3744 genitale
564 3671 695 3746 ejusmodi
737 3679 837 3752 plicat,
854 3677 980 3733 Praeticar
993 3679 1039 3732 lib.
1053 3679 1117 3744 111,
1137 3689 1204 3751 part,
1219 3696 1251 3745 9,

182 3751 259 3805 ncrvi
270 3761 364 3804 natura
374 3763 492 3818 constat,
510 3763 540 3804 nt
559 3752 641 3805 ctiam
660 3751 696 3807 ad
738 3776 796 3831 cap.
811 3758 852 3820 13,
865 3777 894 3830 p.
905 3759 968 3830 607.
981 3758 1057 3812 ll.-
1068 3762 1158 3809 Conna
1171 3759 1254 3808 mulie-

183 3845 261 3883 arcna
277 3848 357 3885 usum
374 3848 425 3902 pro
442 3827 562 3885 t'ouiculo
580 3829 696 3903 interpo-
738 3858 791 3890 rum
799 3842 908 3908 paucis,
926 3850 976 3892 etc.
987 3843 1047 3901 Ταῖς
1065 3838 1177 3911 nidulos,
1193 3853 1253 3908 quaa

183 3909 249 3964 lent.
259 3922 292 3973 Τὸ
300 3916 330 3976 δὲ
336 3916 428 3974 αἰδοῖον
437 3923 487 3989 ἔχει
498 3923 510 3973 l
522 3920 631 3992 κάμηλος
640 3941 694 3977 auo.
738 3916 934 3990 tentiginem-in
941 3932 1044 3970 rumtna
1053 3915 1129 3970 vulva
1139 3915 1254 3968 marium

186 3987 262 4062 ρῖνὸνς
273 3999 360 4065 οὕτως,
372 4009 423 4054 etc.
436 3999 526 4052 liano.
741 3993 867 4070 pudendo
876 3997 990 4051 similem
1004 3996 1112 4050 babent.
1128 3996 1193 4047 Dan.

221 4077 246 4130 6.
257 4080 368 4130 Gentium
380 4075 697 4146 quoquaUtJudaeorum,
777 4095 802 4146 9.
814 4079 1031 4146 Homoplmditis.
1045 4076 1138 4130 Deliis
1151 4076 1254 4149 egimttt

190 4155 305 4209 Arabum
317 4193 325 4220 ,
344 4174 374 4210 ac
386 4157 647 4212 mahumetanorum.
664 4158 697 4213 ll.
743 4157 813 4212 libro
823 4159 947 4230 septimo,
958 4174 1016 4230 cap.
1032 4157 1056 4210 ³.
1068 4155 1157 4210 timo.
