3200 5159
336 506 409 579 138
598 511 636 578 C.
666 511 846 581 PLlNll'
870 508 977 578 Nat.
1006 508 1141 576 HIST.
1184 514 1187 525 '

330 638 528 727 monilibus,
550 639 747 737 digitisque:
766 668 841 738 quae
862 666 992 715 summa
1013 625 1300 736 quadiingenties⁵
1320 644 1405 712 H-s.

330 745 510 843 colligebat
526 773 535 816 ε
554 748 626 844 ipsa
640 749 816 820 confestim
832 765 948 846 parata
963 730 1273 842 mancupationem⁶
1287 748 1408 820 tabulis

331 854 485 949 probare.
506 853 578 924 Nec
600 855 689 925 dona
716 857 848 954 prodigi
867 858 1026 953 principis
1052 854 1206 940 fuerant,
1233 852 1290 923 sed
1311 857 1407 926 avitae

298 995 314 1030 2
332 985 434 1056 opes,
452 964 702 1056 provinciarum
716 963 844 1034 scilicet
861 962 973 1060 spoliis
992 976 1105 1058 partae.
1122 962 1186 1031 Hic
1205 975 1256 1031 est
1274 964 1408 1057 rapina·

332 1093 409 1137 rum
427 1071 554 1138 exitus:
577 1069 643 1140 hoc
665 1069 727 1140 fuit
741 1071 864 1166 quare⁷
879 1074 928 1141 M.
951 1066 1079 1141 Lollius
1095 1068 1275 1139 infamatus
1289 1094 1405 1165 regum

333 1268 576 1341 Herm-Spiris.
587 1271 723 1326 vittarum
736 1273 847 1327 mcum·
890 1273 1138 1345 nuncupationem,
1156 1282 1208 1326 etc.
1234 1297 1246 1319 ι
1269 1270 1403 1336 sudeus,

332 1347 430 1402 ductus
444 1351 481 1403 sic
492 1352 662 1405 vocat.Vittis
674 1352 754 1417 enim,
764 1353 846 1418 stola,
890 1352 939 1407 tot.
949 1352 996 1423 37,
1007 1352 1060 1411 hoo
1069 1353 1405 1423 locoaucupatioaemaguo·

333 1428 415 1491 sellis,
435 1448 467 1484 sc
486 1429 602 1495 lecticis,
622 1432 755 1504 primariae
771 1433 847 1487 locu·
889 1432 957 1489 scit:
972 1433 1077 1487 lucrum
1089 1449 1118 1485 ea
1128 1450 1205 1496 voce,
1215 1430 1288 1504 quod
1301 1433 1405 1500 nullus,

331 1509 469 1581 pletesqne
479 1523 633 1565 memorata
646 1513 848 1566 tenuioribusst
889 1514 996 1585 opinor,
1008 1513 1119 1585 paulum
1131 1511 1214 1565 modo
1229 1514 1358 1584 probatus
1367 1514 1405 1567 la·

332 1587 477 1660 impudicis
502 1589 753 1662 distinguebanttur.
780 1593 847 1645 Ovi·
889 1594 1000 1647 tinitutis
1018 1606 1110 1647 auctor
1134 1592 1287 1663 agnoverit,
1304 1592 1405 1663 signari

332 1667 394 1722 dius
410 1687 418 1722 τ
436 1694 448 1717 ι
462 1670 622 1741 scripsimus
634 1672 769 1739 hectun,
781 1691 847 1744 qua·
889 1684 1005 1727 testatus.
1024 1672 1112 1725 launi
1128 1670 1254 1725 dixerunt
1273 1692 1404 1743 muncupa-

332 1766 395 1802 rum
410 1768 461 1804 nec
474 1751 649 1824 vittuligstos
662 1752 780 1825 Attingit
794 1754 847 1807 cri-
890 1758 999 1818 tionem,
1027 1752 1173 1823 legitimum
1202 1752 1404 1825 solemnemque

332 1846 380 1881 nes
391 1869 399 1893 ,
412 1830 463 1882 nec
477 1832 544 1885 stola
557 1832 636 1904 longa
648 1833 738 1905 pedes.
749 1860 761 1881 ι
774 1834 846 1886 Bris-
889 1852 980 1887 esrum
991 1852 1154 1905 gemmarum
1167 1830 1346 1904 emptionem,
1357 1847 1405 1887 aut

333 1908 438 1975 nonius,
448 1910 495 1964 lib.
513 1912 540 1978 1,
553 1932 577 1966 c.
595 1920 622 1976 4.
636 1916 736 1967 Daue.
888 1912 1070 1967 venditionem
1082 1932 1090 1965 a
1100 1910 1197 1986 quade
1207 1912 1404 1983 mancipatione

373 1987 400 2043 5.
416 1990 662 2063 Quadringentiesfl.
678 1993 706 2047 S.
717 1993 847 2047 Novimus
889 1994 966 2064 plura
984 1992 1105 2047 dicemus
1127 1992 1310 2064 opportunius
1331 1992 1403 2045 libro

328 2070 847 2145 jam,siquundonominalibusepuepsi·
888 2074 1027 2138 XXXIII,
1041 2092 1100 2144 cap.
1120 2073 1164 2127 13.
1185 2074 1279 2125 Hann.
1301 2102 1341 2117 --
1358 2072 1403 2125 Sic

331 2168 407 2219 pseu
421 2152 464 2203 usi
476 2153 530 2205 siut
543 2152 573 2206 iu
587 2155 709 2225 pesuniis
723 2152 845 2207 iudican-
888 2154 982 2225 gallice
996 2152 1146 2209 diceremus
1157 2151 1404 2223 hodieprouaerpar

331 2226 373 2283 dis
387 2231 516 2297 Veteres,
531 2246 589 2287 tum
603 2233 743 2288 subaudiri
757 2246 846 2288 ceute·
888 2235 1026 2302 insuetum.
1043 2238 1090 2287 Aa.

329 2310 460 2364 numillia.
467 2312 693 2387 Quadringenties
700 2315 782 2387 igitur
789 2333 844 2367 nou
928 2334 955 2385 7.
971 2316 1027 2367 Hoc
1034 2317 1089 2382 suit
1103 2332 1185 2386 quare.
1203 2312 1324 2377 Solinus,
1342 2330 1401 2385 cup.

330 2404 391 2443 snut
406 2390 495 2445 miuus
509 2411 590 2464 quam
607 2394 766 2467 quadragies
778 2396 843 2448 mil·
886 2412 1027 2465 nrrr,pag.
1040 2394 1094 2459 85,
1109 2395 1166 2447 haec
1181 2391 1293 2446 totidem
1304 2394 1402 2446 verbis.

330 2468 356 2521 le
381 2471 482 2536 millia,
506 2473 534 2526 h.
548 2492 574 2528 e.
598 2483 775 2540 to,ooo,ooo,
795 2476 843 2528 sed
886 2474 949 2528 Fuit
962 2474 1005 2529 hic
1014 2476 1153 2529 LolliusC.
1168 2474 1277 2528 Cusaris
1286 2472 1402 2543 Augusti

329 2552 485 2605 sestertium.
507 2554 593 2608 Porro
619 2574 703 2628 quum
721 2555 779 2609 caii
798 2575 842 2609 re·
886 2554 916 2609 F.
931 2568 1029 2609 rector.
1041 2554 1258 2609 Gubernatorem
1271 2552 1400 2606 inGallia

328 2631 433 2700 quantis
441 2645 562 2703 tempore
571 2637 705 2689 sestertius
715 2653 842 2690 nummus
883 2631 1402 2707 eonsuetudoloqueudirucat'l'acitus,

328 2710 385 2763 lere
397 2726 464 2766 esset
479 2733 496 2766 o
508 2714 542 2767 ἡ.
562 2732 596 2784 ¹9
610 2733 634 2768 c.
646 2734 750 2769 summa
760 2734 842 2787 quam
884 2714 983 2770 Annal.
996 2716 1042 2771 lib.
1051 2717 1107 2781 111,
1117 2734 1177 2788 pag.
1190 2713 1225 2769 85
1236 2732 1243 2779 3
1256 2713 1401 2767 Suetonius

329 2790 426 2843 Noster
442 2792 488 2847 hie
499 2808 671 2865 representat
685 2809 724 2849 est
734 2796 841 2851 circiter
884 2796 912 2849 in
926 2796 1054 2862 Tiberio,
1068 2814 1128 2867 cap.
1144 2812 1201 2860 κιις
1217 2792 1338 2847 Velleius
1350 2793 1400 2845 Ps-

330 2872 476 2939 7‚600‚ooo
496 2874 530 2926 lr·
553 2874 707 2929 Harduinus
719 2895 775 2929 non
791 2895 841 2930 au·
884 2876 1001 2931 terculus
1011 2916 1019 2942 ,
1030 2877 1078 2929 lib.
1090 2878 1131 2942 11,
1147 2874 1240 2929 rabide
1256 2890 1399 2943 congressu

328 2947 453 3014 diendus,
467 2953 514 3024 qui
532 2950 598 3007 dum
623 2968 770 3027 computat,
783 2975 840 3011 non
884 2956 942 3011 Caii
967 2956 1078 3011 cesaris
1109 2972 1173 3010 cum
1198 2970 1262 3023 rege
1289 2953 1400 3006 Partho-

327 3030 398 3083 ΰῙῑΝ
411 3037 559 3097 t‚ooo,0oo
568 3036 683 3107 pretium
693 3037 841 3091 exctrmisse
882 3054 943 3089 rum
955 3056 962 3088 ε
979 3062 990 3084 ι
1003 3038 1080 3090 Prior
1091 3036 1205 3089 Parthus
1216 3030 1291 3105 apud
1301 3032 1397 3087 Caium

327 3124 438 3164 censet:
454 3115 617 3185 ceteroquin
630 3115 740 3179 inutilis,
751 3135 801 3171 nec
809 3130 841 3170 ut
883 3118 912 3170 in
927 3130 1017 3170 noema
1031 3118 1106 3187 ripa.
1119 3116 1251 3187 posterior
1266 3113 1311 3166 laic
1323 3111 1397 3183 apud

326 3190 378 3243 sibi
389 3190 459 3247 lorte
471 3196 543 3248 visus
552 3211 600 3261 est,
612 3199 703 3259 salsus,
712 3216 798 3269 quum
812 3198 841 3251 in
883 3216 973 3269 regem
993 3198 1020 3250 in
1035 3196 1126 3251 hostili
1137 3195 1259 3266 epulatus
1271 3206 1318 3247 est.
1334 3193 1397 3257 Quo

325 3272 426 3323 notrrlae
448 3274 504 3329 line
529 3278 568 3330 ait
588 3278 637 3331 :si
662 3290 704 3332 tot
730 3278 841 3349 gemmis
884 3290 1007 3348 tempore
1033 3277 1072 3329 ld.
1090 3277 1189 3341 Lollii,
1210 3292 1291 3346 quem
1314 3273 1396 3325 veluti

326 3366 422 3405 onusta
436 3353 502 3420 l'uit,
517 3358 631 3411 minima
648 3358 699 3413 l'uit
709 3377 772 3431 pars
782 3359 839 3429 ipsa
883 3355 1080 3411 moderatorem
1093 3359 1209 3428 juventas
1219 3354 1268 3406 filii
1283 3352 1324 3406 sui
1340 3355 1396 3405 Au·

326 3432 377 3485 sui.
394 3433 446 3485 Sed
463 3436 532 3490 illud
546 3437 580 3491 de
591 3457 672 3510 quam
684 3440 775 3492 multis
785 3458 837 3512 po·
881 3450 1036 3509 gustusesse
1046 3437 1162 3490 voluerit
1171 3476 1179 3500 ,
1192 3432 1295 3507 perlida
1302 3446 1329 3486 et
1337 3434 1397 3505 ple·

325 3522 376 3567 test
389 3512 456 3566 diei!
468 3523 515 3571 Αι.
881 3536 915 3571 ns
928 3516 1036 3572 subdoli
1045 3538 1076 3571 uc
1087 3514 1276 3571 versutissimi
1286 3513 1396 3567 consilia

364 3601 391 3648 6.
401 3595 459 3666 Ipsa
473 3599 596 3665 confestim
603 3610 695 3669 perata
707 3618 836 3671 mancupa-
881 3618 931 3671 per
943 3599 1072 3653 Parthum
1086 3596 1217 3661 iudicata,
1231 3592 1342 3648 Ctesaris
1354 3593 1393 3646 ira

324 3676 411 3727 tionem
430 3676 517 3729 saluts
527 3678 641 3749 probare.
654 3679 734 3733 Hunc
747 3681 837 3733 locum
881 3679 1015 3750 evulgavit
1026 3697 1032 3731 :
1043 3680 1119 3750 cujus
1128 3694 1200 3729 mors
1214 3674 1283 3729 intra
1293 3672 1395 3743 paitcos

322 3753 522 3809 emendtvimns
538 3760 620 3813 secuti
636 3760 744 3831 vestigia
758 3757 834 3813 codi-
881 3758 939 3812 dies
952 3758 1062 3813 fortuita
1081 3775 1114 3811 an
1130 3752 1279 3809 uoluntaria
1298 3752 1395 3817 fuerit,

321 3852 386 3887 cum
400 3837 462 3907 lleg.
479 3854 505 3901 t,
520 3840 639 3903 a,Colb.
654 3856 679 3899 1,
696 3840 831 3905 s,Chiffl.
877 3837 1127 3911 ignoro-Ingenti
1138 3854 1236 3907 nempe
1250 3834 1295 3888 ille
1307 3832 1393 3903 pretio
1443 3886 1449 3893 ,

321 3912 403 3969 Paris.
424 3915 453 3968 in
477 3917 575 3989 quibus
585 3920 711 3990 legitur,
739 3947 751 3968 ι
771 3922 833 3992 Ipse
876 3920 935 3975 Caii
946 3920 1057 3991 gratiam
1071 3918 1142 3971 Asia
1151 3916 1259 3987 regibus
1270 3912 1392 3967 venditu·

320 3994 462 4050 confestim
481 4011 599 4068 paratam
625 4000 832 4072 aucupationem
877 4000 932 4055 bat.
948 4000 1006 4053 Huc
1021 3996 1244 4059 lollioconsule,
1258 3994 1392 4047 auuoUr·

319 4074 417 4129 tatutis
426 4078 550 4148 probare.
562 4104 574 4126 ι
591 4081 622 4132 ln
639 4079 719 4134 editis
737 4098 832 4153 perpe-
876 4079 918 4133 bis
931 4079 987 4149 733
1002 4070 1044 4146 (ut
1057 4077 1165 4149 quidem
1180 4074 1249 4129 Fasti
1265 4071 1396 4137 habentk

316 4170 391 4219 ram,
414 4182 427 4206 ι
448 4158 532 4229 ipsam
552 4160 693 4214 confestim
714 4173 831 4231 paratam
877 4158 1214 4231 Lepidocollega,annum
1222 4154 1307 4209 etatis
1315 4172 1392 4225 quar·
