3200 5159
566 535 725 604 masa
751 535 817 602 nr.
1113 602 1115 605 ,
1154 524 1227 619 16‘9

163 659 356 736 behilleum‘.
371 650 580 735 Nascuntur⁶
594 689 709 736 omnes
724 667 759 734 in
777 664 881 760 petris
898 688 906 732 :
928 662 1064 731 aluntur
1077 659 1227 744 conchis,
1334 671 1340 683 ‘

165 773 269 867 pisce,
285 769 374 840 limo.
387 770 612 868 Intellectum⁷
627 773 733 840 inesse
742 771 794 840 his
809 784 964 866 apparet,
979 769 1056 862 qnia
1070 766 1128 834 ubi
1141 762 1230 833 avul-

165 902 273 946 sorem
289 901 438 965 sensere,
460 891 655 965 oontractas,
676 876 781 946 multo
799 875 965 946 difficilius
980 871 1227 943 abstrahuntur.

164 986 238 1053 Hoc
251 982 338 1052 idem
357 983 461 1054 fluctu
482 982 634 1078 pulsante
649 982 782 1054 faciunt.
803 984 926 1052 Vivere
937 966 1043 1064 esca⁸‚
1055 976 1229 1048 manifesto
1248 1007 1262 1041 ι

165 1089 302 1160 conchae
320 1090 454 1160 minutas
468 1091 501 1158 in
512 1090 563 1159 his
579 1103 718 1184 repertae
731 1089 919 1159 ostendunt.
937 1085 1229 1185 Cirpa⁹Toronem

164 1196 253 1265 vesei
270 1193 333 1266 illis
351 1194 481 1266 avulsas
502 1197 601 1266 etiam
617 1200 726 1282 aiunt,
748 1210 783 1265 et
797 1220 839 1264 ex
853 1193 975 1264 relictis
992 1190 1160 1261 radicibus
1177 1213 1229 1257 re·

165 1324 325 1370 crescere.
347 1303 386 1370 ln
405 1303 507 1397 petris
520 1303 648 1372 cruoris
669 1327 801 1396 qnoque
820 1302 958 1370 inhaeret
979 1296 1088 1385 color,
1111 1296 1230 1364 Africis

165 1408 356 1502 praecipue,
381 1433 454 1501 quae
473 1421 673 1503 generantur
694 1409 728 1477 in
754 1408 913 1502 Syrtibus.
938 1400 1125 1474 Maximae¹⁰
1145 1401 1231 1470 fiunt

166 1535 288 1602 manae,
309 1511 366 1582 sed
386 1511 597 1600 mollissima,
615 1516 703 1584 circa
726 1515 873 1608 Lyciam.
899 1515 940 1581 In
962 1506 1159 1606 profundo¹¹
1178 1531 1232 1576 au·

167 1631 253 1706 tem,
280 1643 343 1688 nec
364 1635 522 1706 ventoso,
542 1617 718 1690 molliores.
741 1623 782 1688 ln
802 1617 1018 1713 Hellesponto
1038 1639 1179 1710 asperas,
1198 1627 1233 1681 et

168 1721 278 1792 densas
299 1727 389 1794 cirea
409 1724 562 1796 Maleam.
592 1728 790 1797 Putreseunt
813 1727 848 1794 in
874 1724 993 1819 apricis
1019 1716 1101 1790 locis
1126 1718 1231 1790 :ideo

170 1831 302 1925 optimas
317 1831 351 1899 in
364 1833 560 1927 gurgitibus.
574 1828 800 1902 Viventibus¹²
816 1830 921 1917 idem,
936 1830 993 1924 qui
1009 1825 1232 1909 madentibus,
1250 1854 1266 1906 3
1285 1831 1289 1842 '

169 1937 334 2032 nigricans
343 1937 444 2007 color.
454 1938 634 2008 Adhaerent
643 1924 666 1963 ¹³
681 1963 742 2009 nec
758 1952 870 2034 parte,
888 1960 950 2005 nec
959 1947 1038 2004 totae
1053 1935 1233 2002 :intersunt

168 2089 296 2146 tannarii:
302 2085 424 2157 appellat.
431 2085 474 2140 Sio
481 2085 553 2157 apud
561 2085 679 2141 Nonium
715 2087 798 2140 immo
815 2098 842 2139 st
856 2085 890 2139 ab
904 2083 973 2144 istis.
986 2081 1053 2135 dum
1072 2078 1232 2145 subduntur,

170 2165 408 2236 Terginoealioem,
418 2166 567 2234 quisalices
577 2178 678 2237 terget.
714 2164 832 2236 spongim
845 2177 975 2217 texturam
986 2161 1083 2226 seeum,
1094 2162 1147 2231 jam
1163 2158 1231 2214 dixi·

171 2243 199 2297 in
213 2263 294 2308 voce,
311 2245 373 2296 aluo.
390 2245 448 2299 Cic.
469 2246 547 2316 epist.
567 2242 602 2298 ad
618 2245 680 2299 Div.
715 2263 787 2310 mus;
801 2243 978 2314 ssdapongias
989 2240 1126 2306 bias-esni,
1137 2239 1232 2294 salsum

171 2325 273 2382 Druso.
287 2324 479 2376 -Actttteum
491 2325 637 2390 Quoniam,
652 2335 683 2376 ut
716 2337 742 2378 st
756 2323 910 2378 absurdum.
923 2323 1040 2376 Curras.

171 2403 257 2474 inquit
276 2403 444 2470 Euanthius,
470 2405 682 2459 robustissimum
758 2423 784 2472 9.
800 2403 874 2456 Circa
894 2398 1164 2455 romanserunt.
1176 2398 1230 2452 loc.

172 2481 682 2555 sst‚siouthordenmpraestantissimum
719 2482 764 2536 cit.
780 2483 874 2536 liano.

173 2561 324 2615 Achillsum
333 2575 454 2628 vocatur,
464 2564 541 2635 quale
548 2563 601 2616 suis
611 2562 685 2634 equis
762 2581 804 2616 ro.
813 2558 1152 2630 Muaimoefiuut.lleliqunm
1158 2555 1232 2610 dein·

173 2640 288 2694 Achilles
298 2642 402 2712 objecit.
416 2642 641 2714 Rhodig.XXlV,
656 2645 684 2696 6.
718 2659 781 2712 csps
801 2653 880 2711 caput
906 2639 1017 2694 totidem
1044 2638 1131 2692 verbis
1152 2637 1234 2690 habet

174 2719 496 2788 videtntmtib.xxx1,
509 2741 568 2794 cap.
583 2740 627 2774 ss.
641 2723 684 2774 In.
720 2720 887 2784 Aristotelea,
900 2737 959 2791 pag.
973 2721 1039 2774 581:
1051 2716 1097 2770 ssd
1107 2717 1143 2768 itu
1154 2716 1234 2768 solar-

212 2804 241 2854 6.
257 2801 407 2854 Nascuntur.
425 2802 503 2855 Arist.
521 2802 571 2856 loo.
588 2801 633 2854 oit.
650 2802 684 2852 H.
720 2813 761 2854 ter
774 2799 961 2872 ingenioseque
970 2811 1108 2852 tractatum
1121 2796 1234 2848 aPlinio

174 2879 331 2932 —Aluntur
351 2881 455 2934 conclis.
474 2881 685 2950 Nonnumquam
720 2892 776 2945 est,
796 2892 828 2932 ut
845 2879 898 2932 nisi
916 2879 1006 2932 omnia
1024 2877 1154 2930 amotione
1171 2874 1235 2928 dili·

174 2959 282 3014 oouchra
301 2972 445 3012 oocurrunt
462 2979 493 3015 ac
514 2959 686 3012 minutissimi
721 2959 809 3029 gentis
824 2959 894 3011 intsr
907 2957 1122 3020 seconisrsntur,
1136 2955 1235 3008 discre-

175 3039 351 3092 suimantesin
359 3039 475 3110 spongiis
481 3038 592 3093 conditi.
601 3041 634 3092 At
644 3038 686 3093 his
722 3057 786 3110 pars
798 3036 933 3092 interdum
942 3056 956 3088 a
965 3036 1121 3106 Philosophi
1129 3047 1237 3088 senten·

175 3119 296 3190 spongias
311 3119 379 3172 vesci
394 3137 429 3170 na
445 3117 567 3172 credito:
587 3118 688 3190 quippe
723 3117 759 3170 tia
781 3119 885 3172 Plinius
905 3115 1049 3183 videatnr3
1080 3114 1127 3168 sed
1147 3115 1235 3168 minus

176 3209 395 3267 quoeorecarent,
404 3217 559 3269 nequeergo
568 3198 688 3252 alioeibo
723 3199 821 3261 cautis,
834 3195 885 3250 nso
900 3197 962 3250 satis
975 3215 1059 3268 grase
1083 3195 1184 3266 peritis.
1197 3194 1234 3246 H.

175 3277 283 3330 aluntur
302 3295 381 3348 quam
401 3277 434 3346 iis
453 3277 605 3331 substantiis
624 3295 689 3349 quas
766 3295 811 3330 tt.
825 3279 854 3330 In
863 3277 994 3348 profundo.
1003 3275 1134 3340 Omnino,
1146 3273 1237 3344 iuquit

179 3358 282 3409 murina
297 3375 364 3427 aqua
377 3357 464 3410 solvit.
478 3358 596 3411 Cuvrsa.
722 3357 915 3428 Philosophus,
928 3374 987 3427 qnae
1005 3357 1033 3408 iu
1045 3351 1187 3426 profundis
1196 3365 1235 3406 te·

214 3453 241 3506 7.
256 3435 412 3488 Intellectum.
425 3435 595 3499 Sensumssiu
607 3437 690 3492 ulula·
723 3435 848 3508 pidisque
867 3437 933 3488 locis
950 3447 1029 3500 sunt,
1049 3434 1234 3487 mollissima:

179 3535 215 3568 ou
234 3513 484 3580 dixitslristotsles,
499 3529 555 3568 tuns
576 3515 627 3569 loc.
641 3517 687 3568 cit.
723 3526 804 3568 vento
815 3517 886 3568 enim
903 3528 929 3568 et
945 3514 1060 3585 frigore,
1075 3513 1236 3567 sicutetalia

176 3613 237 3666 pag.
252 3595 308 3664 579
321 3634 328 3658 ,
343 3608 399 3647 turn
411 3596 457 3647 lib.
472 3595 500 3652 l.
518 3613 575 3667 cap.
592 3608 688 3660 a,tot·
723 3595 883 3666 plantarum·
895 3612 1007 3666 genera,
1025 3592 1195 3656 indurantur,
1209 3604 1236 3644 et
1272 3659 1275 3666 Ι

177 3673 351 3728 idemverbia.
365 3675 548 3728 Horam-Ubi
559 3676 689 3728 assiduum
723 3692 840 3728 creseere
852 3673 1038 3744 prohibentur.
1047 3673 1145 3725 flauo.

177 3766 430 3819 ssnssrs,coatructoe.
442 3755 465 3806 E
477 3772 555 3820 vero;
571 3767 598 3808 et
608 3754 637 3808 id
651 3773 690 3806 so·
769 3772 812 3806 sa.
829 3747 978 3806 liventibus.
993 3754 1074 3805 Arist.
1082 3743 1192 3806 Ᾰπλυτοι
1205 3746 1236 3802 dl

177 3831 249 3898 lum,
269 3834 436 3888 animalitatis
458 3833 541 3888 index
563 3835 591 3888 in
611 3853 690 3906 spon·
724 3833 790 3892 ὄντες
805 3832 845 3886 rai
863 3836 968 3897 ζῶντις,
984 3833 1031 3886 sisi
1046 3835 1159 3898 μέλανες.
1178 3853 1189 3872 ·
1203 3831 1239 3882 Et

178 3913 235 3982 giis.
251 3915 371 3968 Cursus.
724 3912 776 3966 nisi
787 3915 920 3978 laventur,
927 3924 954 3964 et
964 3910 1029 3964 dum
1039 3912 1145 3972 vivunt,
1156 3910 1238 3978 nigra

220 3993 246 4046 8.
261 3994 348 4047 Vivere
366 4014 430 4046 asca.
448 3994 557 4048 Aristot.
577 3995 628 4047 loc.
644 3994 689 4046 cit.
725 4005 796 4046 sunt.
810 4018 822 4039 ι
838 3992 929 4046 Hasn.

180 4071 268 4124 Hasn.
281 4101 321 4112 *-
335 4073 468 4127 Οοηιήιε...
484 4086 590 4144 roperta.
603 4071 689 4126 Condi
769 4071 813 4124 13.
834 4072 986 4135 Addoersnt,
1008 4083 1057 4124 eto.
1079 4069 1160 4122 Arist.
1175 4068 1191 4122 al
1210 4061 1240 4119 di

179 4151 248 4214 intra
273 4152 445 4226 spongiarum
464 4153 537 4208 sinus
559 4152 690 4216 conchas,
724 4152 917 4222 npiopusialcss
928 4153 983 4204 οὔτι
991 4156 1045 4204 καθ’
1059 4153 1094 4214 is,
1109 4149 1164 4200 stirs
1173 4147 1241 4210 κατὰ
