<?xml version="1.0" encoding="UTF-8"?>
<!DOCTYPE html PUBLIC "-//W3C//DTD XHTML 1.0 Transitional//EN"
    "http://www.w3.org/TR/xhtml1/DTD/xhtml1-transitional.dtd">
<html xmlns="http://www.w3.org/1999/xhtml" xml:lang="en" lang="en">
 <head>
  <title>
</title>
<meta http-equiv="Content-Type" content="text/html;charset=utf-8" />
  <meta name='ocr-system' content='tesseract 3.04.00' />
  <meta name='ocr-capabilities' content='ocr_page ocr_carea ocr_par ocr_line ocrx_word'/>
</head>
<body>
  <div class='ocr_page' id='page_1' title='image "./caiipliniisecun03unkngoog_0027.png"; bbox 0 0 3200 5159; ppageno 0'>
   <div class='ocr_carea' id='block_1_1' title="bbox 530 508 1198 619">
    <p class='ocr_par' dir='ltr' id='par_1_1' title="bbox 530 508 1198 619">
     <span class='ocr_line' id='line_1_1' title="bbox 530 508 1198 619; baseline 0.006 -43"><span class='ocrx_word' id='word_1_1' title='bbox 530 508 693 577; x_wconf 78' lang='lat' dir='ltr'>ursus</span> <span class='ocrx_word' id='word_1_2' title='bbox 728 510 799 576; x_wconf 85' lang='lat' dir='ltr'>rx.</span> <span class='ocrx_word' id='word_1_3' title='bbox 1155 548 1198 619; x_wconf 71' lang='lat'>17</span> 
     </span>
    </p>
   </div>
   <div class='ocr_carea' id='block_1_2' title="bbox 123 634 1201 1270">
    <p class='ocr_par' dir='ltr' id='par_1_2' title="bbox 123 634 1201 1270">
     <span class='ocr_line' id='line_1_2' title="bbox 128 634 1201 742; baseline 0.016 -36"><span class='ocrx_word' id='word_1_4' title='bbox 128 663 179 709; x_wconf 87' lang='lat' dir='ltr'>nec</span> <span class='ocrx_word' id='word_1_5' title='bbox 208 636 321 707; x_wconf 80' lang='lat' dir='ltr'>statim</span> <span class='ocrx_word' id='word_1_6' title='bbox 345 634 472 706; x_wconf 89' lang='lat' dir='ltr'>tellure</span> <span class='ocrx_word' id='word_1_7' title='bbox 502 648 592 709; x_wconf 86' lang='lat' dir='ltr'>tacta</span> <span class='ocrx_word' id='word_1_8' title='bbox 616 641 829 728; x_wconf 89' lang='lat' dir='ltr'>moriuntur,</span> <span class='ocrx_word' id='word_1_9' title='bbox 869 642 1044 742; x_wconf 88' lang='lat' dir='ltr'>multoque</span> <span class='ocrx_word' id='word_1_10' title='bbox 1056 646 1081 689; x_wconf 83' lang='lat'>¹⁹</span> <span class='ocrx_word' id='word_1_11' title='bbox 1107 658 1201 727; x_wconf 91' lang='lat' dir='ltr'>ocius</span> 
     </span>
     <span class='ocr_line' id='line_1_3' title="bbox 128 740 1201 851; baseline 0.018 -37"><span class='ocrx_word' id='word_1_12' title='bbox 128 742 224 815; x_wconf 81' lang='lat' dir='ltr'>fistulo</span> <span class='ocrx_word' id='word_1_13' title='bbox 236 740 364 814; x_wconf 84' lang='lat' dir='ltr'>clausa.</span> <span class='ocrx_word' id='word_1_14' title='bbox 383 745 519 840; x_wconf 81' lang='lat' dir='ltr'><strong>Lingua</strong></span> <span class='ocrx_word' id='word_1_15' title='bbox 532 742 614 815; x_wconf 83' lang='lat' dir='ltr'>est²⁰</span> <span class='ocrx_word' id='word_1_16' title='bbox 627 746 679 815; x_wconf 87' lang='lat' dir='ltr'>his</span> <span class='ocrx_word' id='word_1_17' title='bbox 696 762 816 817; x_wconf 86' lang='lat' dir='ltr'>contra</span> <span class='ocrx_word' id='word_1_18' title='bbox 831 764 987 822; x_wconf 78' lang='lat' dir='ltr'>naturam</span> <span class='ocrx_word' id='word_1_19' title='bbox 1004 761 1201 851; x_wconf 81' lang='lat' dir='ltr'>aquatilium</span> 
     </span>
     <span class='ocr_line' id='line_1_4' title="bbox 128 850 1201 947; baseline 0.019 -26"><span class='ocrx_word' id='word_1_20' title='bbox 128 850 262 939; x_wconf 89' lang='lat' dir='ltr'>mobilis,</span> <span class='ocrx_word' id='word_1_21' title='bbox 280 850 397 921; x_wconf 86' lang='lat' dir='ltr'>brevis</span> <span class='ocrx_word' id='word_1_22' title='bbox 415 867 517 947; x_wconf 86' lang='lat' dir='ltr'>atque</span> <span class='ocrx_word' id='word_1_23' title='bbox 529 851 612 939; x_wconf 84' lang='lat' dir='ltr'>luta,</span> <span class='ocrx_word' id='word_1_24' title='bbox 627 853 718 923; x_wconf 84' lang='lat' dir='ltr'>haud</span> <span class='ocrx_word' id='word_1_25' title='bbox 734 854 893 926; x_wconf 82' lang='lat' dir='ltr'>differens</span> <span class='ocrx_word' id='word_1_26' title='bbox 906 858 1020 931; x_wconf 82' lang='lat' dir='ltr'>suillae.</span> <span class='ocrx_word' id='word_1_27' title='bbox 1037 867 1103 936; x_wconf 85' lang='lat' dir='ltr'>Pro</span> <span class='ocrx_word' id='word_1_28' title='bbox 1118 894 1201 941; x_wconf 87' lang='lat' dir='ltr'>voce</span> 
     </span>
     <span class='ocr_line' id='line_1_5' title="bbox 126 956 1201 1059; baseline 0.02 -31"><span class='ocrx_word' id='word_1_29' title='bbox 126 956 290 1055; x_wconf 83' lang='lat' dir='ltr'>gemitus²¹</span> <span class='ocrx_word' id='word_1_30' title='bbox 311 959 468 1028; x_wconf 89' lang='lat' dir='ltr'>humano</span> <span class='ocrx_word' id='word_1_31' title='bbox 494 958 630 1047; x_wconf 90' lang='lat' dir='ltr'>similis,</span> <span class='ocrx_word' id='word_1_32' title='bbox 662 960 798 1030; x_wconf 88' lang='lat' dir='ltr'>dorsum</span> <span class='ocrx_word' id='word_1_33' title='bbox 822 967 1032 1059; x_wconf 86' lang='lat' dir='ltr'>repandum,</span> <span class='ocrx_word' id='word_1_34' title='bbox 1055 989 1201 1047; x_wconf 86' lang='lat' dir='ltr'>rostrum</span> 
     </span>
     <span class='ocr_line' id='line_1_6' title="bbox 123 1064 1201 1155; baseline 0.017 -18"><span class='ocrx_word' id='word_1_35' title='bbox 123 1071 245 1137; x_wconf 88' lang='lat' dir='ltr'>simum.</span> <span class='ocrx_word' id='word_1_36' title='bbox 270 1066 352 1155; x_wconf 89' lang='lat' dir='ltr'>Qua</span> <span class='ocrx_word' id='word_1_37' title='bbox 366 1064 410 1137; x_wconf 87' lang='lat' dir='ltr'>de</span> <span class='ocrx_word' id='word_1_38' title='bbox 423 1064 555 1137; x_wconf 82' lang='lat' dir='ltr'>cousa²²</span> <span class='ocrx_word' id='word_1_39' title='bbox 568 1092 690 1136; x_wconf 88' lang='lat' dir='ltr'>nomen</span> <span class='ocrx_word' id='word_1_40' title='bbox 703 1069 847 1141; x_wconf 86' lang='lat' dir='ltr'>Simonis</span> <span class='ocrx_word' id='word_1_41' title='bbox 862 1096 978 1144; x_wconf 87' lang='lat' dir='ltr'>omnes</span> <span class='ocrx_word' id='word_1_42' title='bbox 995 1078 1082 1151; x_wconf 82' lang='lat' dir='ltr'>mim</span> <span class='ocrx_word' id='word_1_43' title='bbox 1099 1086 1201 1154; x_wconf 89' lang='lat' dir='ltr'>modo</span> 
     </span>
     <span class='ocr_line' id='line_1_7' title="bbox 124 1172 787 1270; baseline 0.005 -28"><span class='ocrx_word' id='word_1_44' title='bbox 124 1188 322 1270; x_wconf 82' lang='lat' dir='ltr'>agnoscunt,</span> <span class='ocrx_word' id='word_1_45' title='bbox 343 1172 543 1269; x_wconf 79' lang='lat' dir='ltr'><strong>maluntque</strong></span> <span class='ocrx_word' id='word_1_46' title='bbox 555 1175 600 1243; x_wconf 89' lang='lat' dir='ltr'>ita</span> <span class='ocrx_word' id='word_1_47' title='bbox 618 1173 787 1270; x_wconf 79' lang='lat' dir='ltr'>appellari.</span> 
     </span>
    </p>
   </div>
   <div class='ocr_carea' id='block_1_3' title="bbox 112 1362 1226 4231">
    <p class='ocr_par' dir='ltr' id='par_1_3' title="bbox 112 1362 1226 4231">
     <span class='ocr_line' id='line_1_8' title="bbox 121 1362 1202 1451; baseline 0.009 -36"><span class='ocrx_word' id='word_1_48' title='bbox 121 1364 201 1415; x_wconf 75' lang='lat' dir='ltr'>statim</span> <span class='ocrx_word' id='word_1_49' title='bbox 212 1374 288 1415; x_wconf 81' lang='lat' dir='ltr'>tacta</span> <span class='ocrx_word' id='word_1_50' title='bbox 298 1374 372 1417; x_wconf 82' lang='lat' dir='ltr'>terra</span> <span class='ocrx_word' id='word_1_51' title='bbox 384 1362 528 1435; x_wconf 88' lang='lat' dir='ltr'>delphinos</span> <span class='ocrx_word' id='word_1_52' title='bbox 545 1363 643 1430; x_wconf 86' lang='lat' dir='ltr'>emori,</span> <span class='ocrx_word' id='word_1_53' title='bbox 685 1365 787 1420; x_wconf 89' lang='lat' dir='ltr'>retibus</span> <span class='ocrx_word' id='word_1_54' title='bbox 795 1365 915 1423; x_wconf 79' lang='lat' dir='ltr'>celeriter</span> <span class='ocrx_word' id='word_1_55' title='bbox 924 1374 1091 1445; x_wconf 79' lang='lat' dir='ltr'>strangulari,</span> <span class='ocrx_word' id='word_1_56' title='bbox 1101 1378 1202 1451; x_wconf 72' lang='lat' dir='ltr'>spirau.</span> 
     </span>
     <span class='ocr_line' id='line_1_9' title="bbox 123 1440 1200 1533; baseline 0.019 -38"><span class='ocrx_word' id='word_1_57' title='bbox 123 1444 213 1496; x_wconf 85' lang='lat' dir='ltr'>lalsum</span> <span class='ocrx_word' id='word_1_58' title='bbox 222 1446 359 1498; x_wconf 81' lang='lat' dir='ltr'>est.Tactn</span> <span class='ocrx_word' id='word_1_59' title='bbox 370 1456 441 1499; x_wconf 82' lang='lat' dir='ltr'>terra</span> <span class='ocrx_word' id='word_1_60' title='bbox 453 1445 538 1498; x_wconf 88' lang='lat' dir='ltr'>emori</span> <span class='ocrx_word' id='word_1_61' title='bbox 548 1446 642 1507; x_wconf 79' lang='lat' dir='ltr'>fateor,</span> <span class='ocrx_word' id='word_1_62' title='bbox 685 1440 712 1497; x_wconf 88' lang='lat' dir='ltr'>di</span> <span class='ocrx_word' id='word_1_63' title='bbox 732 1444 858 1501; x_wconf 79' lang='lat' dir='ltr'><strong>facultate</strong></span> <span class='ocrx_word' id='word_1_64' title='bbox 870 1450 995 1525; x_wconf 76' lang='lat' dir='ltr'>adempto</span> <span class='ocrx_word' id='word_1_65' title='bbox 1007 1472 1014 1504; x_wconf 90' lang='lat'>:</span> <span class='ocrx_word' id='word_1_66' title='bbox 1035 1467 1108 1511; x_wconf 86' lang='lat' dir='ltr'>extra</span> <span class='ocrx_word' id='word_1_67' title='bbox 1119 1480 1200 1533; x_wconf 79' lang='lat' dir='ltr'>squas</span> 
     </span>
     <span class='ocr_line' id='line_1_10' title="bbox 121 1524 1200 1605; baseline 0.017 -29"><span class='ocrx_word' id='word_1_68' title='bbox 121 1526 203 1576; x_wconf 83' lang='lat' dir='ltr'>statim</span> <span class='ocrx_word' id='word_1_69' title='bbox 217 1538 290 1579; x_wconf 76' lang='lat' dir='ltr'>tecta</span> <span class='ocrx_word' id='word_1_70' title='bbox 310 1545 389 1598; x_wconf 83' lang='lat' dir='ltr'>nego.</span> <span class='ocrx_word' id='word_1_71' title='bbox 405 1524 492 1598; x_wconf 88' lang='lat' dir='ltr'>quue</span> <span class='ocrx_word' id='word_1_72' title='bbox 512 1526 538 1579; x_wconf 89' lang='lat' dir='ltr'>in</span> <span class='ocrx_word' id='word_1_73' title='bbox 553 1524 642 1578; x_wconf 81' lang='lat' dir='ltr'><strong>Plinio</strong></span> <span class='ocrx_word' id='word_1_74' title='bbox 685 1542 749 1578; x_wconf 81' lang='lat' dir='ltr'>reru</span> <span class='ocrx_word' id='word_1_75' title='bbox 771 1528 857 1582; x_wconf 90' lang='lat' dir='ltr'>multo</span> <span class='ocrx_word' id='word_1_76' title='bbox 875 1542 996 1605; x_wconf 86' lang='lat' dir='ltr'>tempore</span> <span class='ocrx_word' id='word_1_77' title='bbox 1008 1533 1113 1605; x_wconf 85' lang='lat' dir='ltr'>vivere,</span> <span class='ocrx_word' id='word_1_78' title='bbox 1135 1543 1200 1594; x_wconf 84' lang='lat' dir='ltr'>sub-</span> 
     </span>
     <span class='ocr_line' id='line_1_11' title="bbox 120 1602 1199 1684; baseline 0.019 -30"><span class='ocrx_word' id='word_1_79' title='bbox 120 1602 237 1669; x_wconf 77' lang='lat' dir='ltr'>Ceeilio,</span> <span class='ocrx_word' id='word_1_80' title='bbox 250 1604 306 1657; x_wconf 86' lang='lat' dir='ltr'>nisi</span> <span class='ocrx_word' id='word_1_81' title='bbox 321 1604 346 1657; x_wconf 88' lang='lat' dir='ltr'>ei</span> <span class='ocrx_word' id='word_1_82' title='bbox 365 1604 512 1669; x_wconf 68' lang='lat' dir='ltr'>excidisset,</span> <span class='ocrx_word' id='word_1_83' title='bbox 527 1606 641 1659; x_wconf 86' lang='lat' dir='ltr'>Hermo·</span> <span class='ocrx_word' id='word_1_84' title='bbox 684 1618 897 1663; x_wconf 81' lang='lat' dir='ltr'>murmurantem</span> <span class='ocrx_word' id='word_1_85' title='bbox 910 1630 941 1665; x_wconf 85' lang='lat' dir='ltr'>ac</span> <span class='ocrx_word' id='word_1_86' title='bbox 949 1626 1109 1684; x_wconf 80' lang='lat' dir='ltr'>gementem,</span> <span class='ocrx_word' id='word_1_87' title='bbox 1119 1619 1199 1675; x_wconf 86' lang='lat' dir='ltr'>sicuti</span> 
     </span>
     <span class='ocr_line' id='line_1_12' title="bbox 121 1682 1199 1757; baseline 0.019 -24"><span class='ocrx_word' id='word_1_88' title='bbox 121 1682 172 1733; x_wconf 80' lang='lat' dir='ltr'>lans</span> <span class='ocrx_word' id='word_1_89' title='bbox 182 1682 285 1753; x_wconf 78' lang='lat' dir='ltr'>legerat</span> <span class='ocrx_word' id='word_1_90' title='bbox 299 1684 348 1735; x_wconf 93' lang='lat' dir='ltr'>lib.</span> <span class='ocrx_word' id='word_1_91' title='bbox 359 1684 430 1735; x_wconf 86' lang='lat' dir='ltr'><strong>VIII</strong></span> <span class='ocrx_word' id='word_1_92' title='bbox 443 1684 616 1755; x_wconf 81' lang='lat' dir='ltr'>epistolarum</span> <span class='ocrx_word' id='word_1_93' title='bbox 633 1700 640 1733; x_wconf 90' lang='lat'><strong>:</strong></span> <span class='ocrx_word' id='word_1_94' title='bbox 684 1686 842 1757; x_wconf 71' lang='lat' dir='ltr'>spirantium</span> <span class='ocrx_word' id='word_1_95' title='bbox 864 1690 1038 1747; x_wconf 80' lang='lat' dir='ltr'>animantium</span> <span class='ocrx_word' id='word_1_96' title='bbox 1056 1697 1126 1751; x_wconf 83' lang='lat' dir='ltr'>alia:</span> <span class='ocrx_word' id='word_1_97' title='bbox 1149 1700 1199 1753; x_wconf 73' lang='lat' dir='ltr'>Kal</span> 
     </span>
     <span class='ocr_line' id='line_1_13' title="bbox 125 1762 1199 1844; baseline 0.018 -31"><span class='ocrx_word' id='word_1_98' title='bbox 125 1762 323 1829; x_wconf 78' lang='lat' dir='ltr'>«Incredibile,</span> <span class='ocrx_word' id='word_1_99' title='bbox 344 1762 452 1835; x_wconf 89' lang='lat' dir='ltr'>inquit,</span> <span class='ocrx_word' id='word_1_100' title='bbox 471 1776 524 1817; x_wconf 88' lang='lat' dir='ltr'>tam</span> <span class='ocrx_word' id='word_1_101' title='bbox 545 1784 639 1819; x_wconf 82' lang='lat' dir='ltr'>verum</span> <span class='ocrx_word' id='word_1_102' title='bbox 683 1762 1199 1844; x_wconf 71' lang='grc' dir='ltr'><strong>ἰξωδὲζῇπολὺνχρόνονμύζωνκαὶστένων,</strong></span> 
     </span>
     <span class='ocr_line' id='line_1_14' title="bbox 119 1842 1196 1916; baseline 0.018 -22"><span class='ocrx_word' id='word_1_103' title='bbox 119 1856 201 1894; x_wconf 78' lang='lat' dir='ltr'>tamen</span> <span class='ocrx_word' id='word_1_104' title='bbox 223 1860 311 1915; x_wconf 83' lang='lat' dir='ltr'>qnam</span> <span class='ocrx_word' id='word_1_105' title='bbox 335 1842 443 1914; x_wconf 81' lang='lat' dir='ltr'>priora,</span> <span class='ocrx_word' id='word_1_106' title='bbox 475 1842 638 1915; x_wconf 82' lang='lat' dir='ltr'>delphinum</span> <span class='ocrx_word' id='word_1_107' title='bbox 682 1847 1035 1916; x_wconf 75' lang='lat' dir='ltr'>s.r.I.Etcerte‚simulto</span> <span class='ocrx_word' id='word_1_108' title='bbox 1050 1856 1125 1909; x_wconf 92' lang='lat' dir='ltr'>ocius</span> <span class='ocrx_word' id='word_1_109' title='bbox 1138 1878 1196 1913; x_wconf 91' lang='lat' dir='ltr'>mo·</span> 
     </span>
     <span class='ocr_line' id='line_1_15' title="bbox 119 1923 1199 2008; baseline 0.011 -31"><span class='ocrx_word' id='word_1_110' title='bbox 119 1936 274 1993; x_wconf 74' lang='lat' dir='ltr'>gestatorem</span> <span class='ocrx_word' id='word_1_111' title='bbox 301 1923 519 1995; x_wconf 74' lang='lat' dir='ltr'>collusoremque</span> <span class='ocrx_word' id='word_1_112' title='bbox 540 1942 637 1996; x_wconf 86' lang='lat' dir='ltr'>puero·</span> <span class='ocrx_word' id='word_1_113' title='bbox 680 1924 799 1988; x_wconf 87' lang='lat' dir='ltr'>rinntur,</span> <span class='ocrx_word' id='word_1_114' title='bbox 819 1938 849 1979; x_wconf 91' lang='lat' dir='ltr'>ut</span> <span class='ocrx_word' id='word_1_115' title='bbox 866 1928 969 1983; x_wconf 84' lang='lat' dir='ltr'>Plinius</span> <span class='ocrx_word' id='word_1_116' title='bbox 986 1950 1050 1986; x_wconf 85' lang='lat' dir='ltr'>mox</span> <span class='ocrx_word' id='word_1_117' title='bbox 1062 1935 1199 2008; x_wconf 82' lang='lat' dir='ltr'>subjungit</span> 
     </span>
     <span class='ocr_line' id='line_1_16' title="bbox 119 2000 1198 2085; baseline 0.015 -31"><span class='ocrx_word' id='word_1_118' title='bbox 119 2020 174 2055; x_wconf 87' lang='lat' dir='ltr'>rum</span> <span class='ocrx_word' id='word_1_119' title='bbox 187 2002 214 2055; x_wconf 93' lang='lat' dir='ltr'>in</span> <span class='ocrx_word' id='word_1_120' title='bbox 224 2014 329 2055; x_wconf 86' lang='lat' dir='ltr'>terram</span> <span class='ocrx_word' id='word_1_121' title='bbox 340 2021 451 2075; x_wconf 89' lang='lat' dir='ltr'>quoque</span> <span class='ocrx_word' id='word_1_122' title='bbox 460 2004 562 2057; x_wconf 85' lang='lat' dir='ltr'>extrahi</span> <span class='ocrx_word' id='word_1_123' title='bbox 576 2004 638 2057; x_wconf 90' lang='lat' dir='ltr'>soli·</span> <span class='ocrx_word' id='word_1_124' title='bbox 680 2000 767 2057; x_wconf 74' lang='lat' dir='ltr'>fistula</span> <span class='ocrx_word' id='word_1_125' title='bbox 781 2006 921 2075; x_wconf 81' lang='lat' dir='ltr'>obturata,</span> <span class='ocrx_word' id='word_1_126' title='bbox 937 2010 1059 2082; x_wconf 83' lang='lat' dir='ltr'>sequitur</span> <span class='ocrx_word' id='word_1_127' title='bbox 1075 2016 1198 2085; x_wconf 86' lang='lat' dir='ltr'>prolecto</span> 
     </span>
     <span class='ocr_line' id='line_1_17' title="bbox 118 2082 1198 2161; baseline 0.013 -26"><span class='ocrx_word' id='word_1_128' title='bbox 118 2094 180 2145; x_wconf 82' lang='lat' dir='ltr'>tum,</span> <span class='ocrx_word' id='word_1_129' title='bbox 194 2082 342 2154; x_wconf 74' lang='lat' dir='ltr'>uenisque</span> <span class='ocrx_word' id='word_1_130' title='bbox 354 2083 496 2145; x_wconf 85' lang='lat' dir='ltr'>siccatum,</span> <span class='ocrx_word' id='word_1_131' title='bbox 509 2084 556 2135; x_wconf 90' lang='lat' dir='ltr'>ubi</span> <span class='ocrx_word' id='word_1_132' title='bbox 565 2083 636 2136; x_wconf 84' lang='lat' dir='ltr'>luca·</span> <span class='ocrx_word' id='word_1_133' title='bbox 679 2102 735 2137; x_wconf 89' lang='lat' dir='ltr'>non</span> <span class='ocrx_word' id='word_1_134' title='bbox 746 2086 835 2161; x_wconf 82' lang='lat' dir='ltr'>statim</span> <span class='ocrx_word' id='word_1_135' title='bbox 851 2089 945 2142; x_wconf 87' lang='lat' dir='ltr'>tellure</span> <span class='ocrx_word' id='word_1_136' title='bbox 959 2103 1028 2144; x_wconf 83' lang='lat' dir='ltr'>tucto</span> <span class='ocrx_word' id='word_1_137' title='bbox 1039 2093 1148 2147; x_wconf 89' lang='lat' dir='ltr'>eosdem</span> <span class='ocrx_word' id='word_1_138' title='bbox 1158 2097 1198 2149; x_wconf 91' lang='lat' dir='ltr'>in·</span> 
     </span>
     <span class='ocr_line' id='line_1_18' title="bbox 118 2162 1195 2235; baseline 0.012 -22"><span class='ocrx_word' id='word_1_139' title='bbox 118 2162 252 2226; x_wconf 80' lang='lat' dir='ltr'>hrisset,in</span> <span class='ocrx_word' id='word_1_140' title='bbox 263 2162 637 2235; x_wconf 78' lang='lat' dir='ltr'>meritevolri.·Vetnsqno·</span> <span class='ocrx_word' id='word_1_141' title='bbox 680 2162 769 2217; x_wconf 82' lang='lat' dir='ltr'>terite.</span> <span class='ocrx_word' id='word_1_142' title='bbox 785 2164 877 2217; x_wconf 77' lang='lat' dir='ltr'>Hsnn.</span> <span class='ocrx_word' id='word_1_143' title='bbox 895 2198 932 2206; x_wconf 95' lang='lat'><em>-</em></span> <span class='ocrx_word' id='word_1_144' title='bbox 945 2172 1041 2221; x_wconf 79' lang='lat' dir='ltr'>Tellure</span> <span class='ocrx_word' id='word_1_145' title='bbox 1057 2186 1124 2223; x_wconf 80' lang='lat' dir='ltr'>taeta</span> <span class='ocrx_word' id='word_1_146' title='bbox 1142 2194 1195 2225; x_wconf 87' lang='lat' dir='ltr'>mo-</span> 
     </span>
     <span class='ocr_line' id='line_1_19' title="bbox 118 2242 1195 2320; baseline 0.013 -27"><span class='ocrx_word' id='word_1_147' title='bbox 118 2260 167 2313; x_wconf 87' lang='lat' dir='ltr'>que</span> <span class='ocrx_word' id='word_1_148' title='bbox 181 2252 207 2293; x_wconf 89' lang='lat' dir='ltr'>et</span> <span class='ocrx_word' id='word_1_149' title='bbox 226 2242 319 2293; x_wconf 87' lang='lat' dir='ltr'>omnis</span> <span class='ocrx_word' id='word_1_150' title='bbox 336 2242 463 2313; x_wconf 77' lang='lat' dir='ltr'>impressa</span> <span class='ocrx_word' id='word_1_151' title='bbox 482 2242 577 2309; x_wconf 88' lang='lat' dir='ltr'>lectio,</span> <span class='ocrx_word' id='word_1_152' title='bbox 590 2262 636 2295; x_wconf 86' lang='lat' dir='ltr'>nec</span> <span class='ocrx_word' id='word_1_153' title='bbox 678 2245 779 2295; x_wconf 84' lang='lat' dir='ltr'>riunenr.</span> <span class='ocrx_word' id='word_1_154' title='bbox 791 2243 1195 2320; x_wconf 78' lang='lat' dir='ltr'>Indeproverbium‚Delphinns</span> 
     </span>
     <span class='ocr_line' id='line_1_20' title="bbox 117 2320 1195 2403; baseline 0.013 -31"><span class='ocrx_word' id='word_1_155' title='bbox 117 2326 195 2373; x_wconf 76' lang='lat' dir='ltr'>storim</span> <span class='ocrx_word' id='word_1_156' title='bbox 211 2320 310 2382; x_wconf 85' lang='lat' dir='ltr'>habet,</span> <span class='ocrx_word' id='word_1_157' title='bbox 327 2338 384 2373; x_wconf 88' lang='lat' dir='ltr'>non</span> <span class='ocrx_word' id='word_1_158' title='bbox 402 2321 486 2374; x_wconf 85' lang='lat' dir='ltr'>aliter.</span> <span class='ocrx_word' id='word_1_159' title='bbox 507 2320 585 2375; x_wconf 83' lang='lat' dir='ltr'>Pnrr.</span> <span class='ocrx_word' id='word_1_160' title='bbox 599 2354 636 2363; x_wconf 92' lang='lat'>--</span> <span class='ocrx_word' id='word_1_161' title='bbox 677 2324 703 2374; x_wconf 84' lang='lat' dir='ltr'>in</span> <span class='ocrx_word' id='word_1_162' title='bbox 723 2326 810 2376; x_wconf 82' lang='lat' dir='ltr'>littore.</span> <span class='ocrx_word' id='word_1_163' title='bbox 824 2324 905 2377; x_wconf 82' lang='lat' dir='ltr'>Orid.</span> <span class='ocrx_word' id='word_1_164' title='bbox 928 2330 1037 2394; x_wconf 68' lang='lat' dir='ltr'>nQnem</span> <span class='ocrx_word' id='word_1_165' title='bbox 1051 2343 1195 2403; x_wconf 77' lang='lat' dir='ltr'>postquam</span> 
     </span>
     <span class='ocr_line' id='line_1_21' title="bbox 117 2400 1194 2476; baseline 0.014 -25"><span class='ocrx_word' id='word_1_166' title='bbox 117 2406 197 2452; x_wconf 75' lang='lat' dir='ltr'>Solent</span> <span class='ocrx_word' id='word_1_167' title='bbox 209 2404 235 2452; x_wconf 80' lang='lat' dir='ltr'>in</span> <span class='ocrx_word' id='word_1_168' title='bbox 249 2416 353 2453; x_wconf 75' lang='lat' dir='ltr'>terram,</span> <span class='ocrx_word' id='word_1_169' title='bbox 366 2400 446 2453; x_wconf 79' lang='lat' dir='ltr'>Arist.</span> <span class='ocrx_word' id='word_1_170' title='bbox 460 2400 527 2455; x_wconf 86' lang='lat' dir='ltr'>Hist.</span> <span class='ocrx_word' id='word_1_171' title='bbox 544 2403 633 2455; x_wconf 80' lang='lat' dir='ltr'>Anim.</span> <span class='ocrx_word' id='word_1_172' title='bbox 676 2402 775 2455; x_wconf 88' lang='lat' dir='ltr'>bibulis</span> <span class='ocrx_word' id='word_1_173' title='bbox 787 2403 881 2476; x_wconf 82' lang='lat' dir='ltr'>injecit</span> <span class='ocrx_word' id='word_1_174' title='bbox 892 2405 991 2459; x_wconf 90' lang='lat' dir='ltr'>fluctus</span> <span class='ocrx_word' id='word_1_175' title='bbox 1004 2410 1102 2474; x_wconf 78' lang='lat' dir='ltr'>ureris,</span> <span class='ocrx_word' id='word_1_176' title='bbox 1114 2412 1194 2467; x_wconf 76' lang='lat' dir='ltr'>Unda</span> 
     </span>
     <span class='ocr_line' id='line_1_22' title="bbox 117 2480 1189 2558; baseline 0.007 -25"><span class='ocrx_word' id='word_1_177' title='bbox 117 2480 160 2534; x_wconf 84' lang='lat' dir='ltr'>lib.</span> <span class='ocrx_word' id='word_1_178' title='bbox 174 2480 224 2545; x_wconf 78' lang='lat'>11,</span> <span class='ocrx_word' id='word_1_179' title='bbox 240 2498 304 2552; x_wconf 85' lang='lat' dir='ltr'>cap.</span> <span class='ocrx_word' id='word_1_180' title='bbox 316 2485 361 2551; x_wconf 67' lang='lat'>74,</span> <span class='ocrx_word' id='word_1_181' title='bbox 374 2497 439 2552; x_wconf 76' lang='lat' dir='ltr'>pag.</span> <span class='ocrx_word' id='word_1_182' title='bbox 455 2484 532 2543; x_wconf 71' lang='lat'><em>1164.</em></span> <span class='ocrx_word' id='word_1_183' title='bbox 542 2480 633 2535; x_wconf 74' lang='lat' dir='ltr'>Iliun</span> <span class='ocrx_word' id='word_1_184' title='bbox 676 2480 756 2533; x_wconf 89' lang='lat' dir='ltr'>simul</span> <span class='ocrx_word' id='word_1_185' title='bbox 766 2482 894 2536; x_wconf 88' lang='lat' dir='ltr'>miserum</span> <span class='ocrx_word' id='word_1_186' title='bbox 906 2525 913 2550; x_wconf 88' lang='lat'><em>,</em></span> <span class='ocrx_word' id='word_1_187' title='bbox 926 2486 1033 2558; x_wconf 81' lang='lat' dir='ltr'>vitaque</span> <span class='ocrx_word' id='word_1_188' title='bbox 1046 2486 1189 2544; x_wconf 79' lang='lat' dir='ltr'>destituit..</span> 
     </span>
     <span class='ocr_line' id='line_1_23' title="bbox 117 2559 1077 2636; baseline 0.008 -23"><span class='ocrx_word' id='word_1_189' title='bbox 117 2562 236 2614; x_wconf 77' lang='lat' dir='ltr'>-Causr</span> <span class='ocrx_word' id='word_1_190' title='bbox 250 2578 335 2633; x_wconf 79' lang='lat' dir='ltr'>quum</span> <span class='ocrx_word' id='word_1_191' title='bbox 347 2560 428 2612; x_wconf 78' lang='lat' dir='ltr'>lutere</span> <span class='ocrx_word' id='word_1_192' title='bbox 441 2560 538 2614; x_wconf 85' lang='lat' dir='ltr'>Noster</span> <span class='ocrx_word' id='word_1_193' title='bbox 548 2559 632 2629; x_wconf 87' lang='lat' dir='ltr'>dolet,</span> <span class='ocrx_word' id='word_1_194' title='bbox 676 2560 808 2633; x_wconf 74' lang='lat' dir='ltr'>quuitur</span> <span class='ocrx_word' id='word_1_195' title='bbox 820 2559 854 2615; x_wconf 90' lang='lat' dir='ltr'>de</span> <span class='ocrx_word' id='word_1_196' title='bbox 863 2562 1000 2636; x_wconf 91' lang='lat' dir='ltr'>delphino.</span> <span class='ocrx_word' id='word_1_197' title='bbox 1012 2569 1077 2622; x_wconf 80' lang='lat' dir='ltr'>Du..</span> 
     </span>
     <span class='ocr_line' id='line_1_24' title="bbox 117 2637 1193 2722; baseline 0.01 -29"><span class='ocrx_word' id='word_1_198' title='bbox 117 2654 154 2693; x_wconf 78' lang='lat' dir='ltr'>set</span> <span class='ocrx_word' id='word_1_199' title='bbox 169 2641 195 2693; x_wconf 93' lang='lat' dir='ltr'>in</span> <span class='ocrx_word' id='word_1_200' title='bbox 209 2642 315 2711; x_wconf 85' lang='lat' dir='ltr'>impetn</span> <span class='ocrx_word' id='word_1_201' title='bbox 328 2658 384 2711; x_wconf 89' lang='lat' dir='ltr'>quo</span> <span class='ocrx_word' id='word_1_202' title='bbox 401 2639 442 2701; x_wconf 82' lang='lat' dir='ltr'>tit,</span> <span class='ocrx_word' id='word_1_203' title='bbox 456 2650 504 2703; x_wconf 91' lang='lat' dir='ltr'>ut,</span> <span class='ocrx_word' id='word_1_204' title='bbox 521 2640 586 2693; x_wconf 87' lang='lat' dir='ltr'>dum</span> <span class='ocrx_word' id='word_1_205' title='bbox 599 2637 634 2694; x_wconf 86' lang='lat' dir='ltr'>nd</span> <span class='ocrx_word' id='word_1_206' title='bbox 713 2660 755 2694; x_wconf 78' lang='lat' dir='ltr'>ro.</span> <span class='ocrx_word' id='word_1_207' title='bbox 769 2646 868 2711; x_wconf 79' lang='lat' dir='ltr'>Lingua</span> <span class='ocrx_word' id='word_1_208' title='bbox 882 2658 928 2696; x_wconf 83' lang='lat' dir='ltr'>est.</span> <span class='ocrx_word' id='word_1_209' title='bbox 945 2643 1061 2714; x_wconf 85' lang='lat' dir='ltr'>Solinus,</span> <span class='ocrx_word' id='word_1_210' title='bbox 1072 2666 1132 2722; x_wconf 82' lang='lat' dir='ltr'>cap.</span> <span class='ocrx_word' id='word_1_211' title='bbox 1141 2670 1193 2716; x_wconf 83' lang='lat' dir='ltr'>xrr,</span> 
     </span>
     <span class='ocr_line' id='line_1_25' title="bbox 116 2719 1212 2793; baseline 0 -20"><span class='ocrx_word' id='word_1_212' title='bbox 116 2720 276 2774; x_wconf 75' lang='lat' dir='ltr'>vescendum</span> <span class='ocrx_word' id='word_1_213' title='bbox 291 2731 442 2792; x_wconf 85' lang='lat' dir='ltr'>sequuntur</span> <span class='ocrx_word' id='word_1_214' title='bbox 457 2721 581 2775; x_wconf 85' lang='lat' dir='ltr'>ocissime</span> <span class='ocrx_word' id='word_1_215' title='bbox 593 2722 634 2793; x_wconf 88' lang='lat' dir='ltr'>pi·</span> <span class='ocrx_word' id='word_1_216' title='bbox 676 2720 789 2791; x_wconf 57' lang='lat' dir='ltr'>pugile.</span> <span class='ocrx_word' id='word_1_217' title='bbox 803 2719 891 2775; x_wconf 71' lang='lat' dir='ltr'>Hirro.</span> <span class='ocrx_word' id='word_1_218' title='bbox 1207 2724 1212 2736; x_wconf 89' lang='lat'>&#39;</span> 
     </span>
     <span class='ocr_line' id='line_1_26' title="bbox 116 2799 1193 2868; baseline 0.009 -13"><span class='ocrx_word' id='word_1_219' title='bbox 116 2820 186 2868; x_wconf 83' lang='lat' dir='ltr'>sees,</span> <span class='ocrx_word' id='word_1_220' title='bbox 202 2801 329 2854; x_wconf 82' lang='lat' dir='ltr'>exsiliant</span> <span class='ocrx_word' id='word_1_221' title='bbox 343 2799 371 2851; x_wconf 89' lang='lat' dir='ltr'>in</span> <span class='ocrx_word' id='word_1_222' title='bbox 387 2799 462 2853; x_wconf 86' lang='lat' dir='ltr'>littus</span> <span class='ocrx_word' id='word_1_223' title='bbox 479 2800 572 2867; x_wconf 84' lang='lat' dir='ltr'>nescii,</span> <span class='ocrx_word' id='word_1_224' title='bbox 581 2818 632 2855; x_wconf 89' lang='lat' dir='ltr'>nec</span> <span class='ocrx_word' id='word_1_225' title='bbox 712 2816 755 2852; x_wconf 67' lang='grc' dir='ltr'>ιι.</span> <span class='ocrx_word' id='word_1_226' title='bbox 765 2804 814 2851; x_wconf 83' lang='lat' dir='ltr'>Pro</span> <span class='ocrx_word' id='word_1_227' title='bbox 828 2804 1011 2867; x_wconf 76' lang='lat' dir='ltr'>voeegemr’tm.</span> <span class='ocrx_word' id='word_1_228' title='bbox 1024 2803 1130 2862; x_wconf 84' lang='lat' dir='ltr'>Solinus</span> <span class='ocrx_word' id='word_1_229' title='bbox 1143 2810 1193 2865; x_wconf 88' lang='lat' dir='ltr'>loc.</span> 
     </span>
     <span class='ocr_line' id='line_1_27' title="bbox 115 2878 1192 2954; baseline 0.01 -21"><span class='ocrx_word' id='word_1_230' title='bbox 115 2894 211 2934; x_wconf 80' lang='lat' dir='ltr'>terr-rur</span> <span class='ocrx_word' id='word_1_231' title='bbox 235 2880 295 2933; x_wconf 91' lang='lat' dir='ltr'>ullo</span> <span class='ocrx_word' id='word_1_232' title='bbox 318 2878 402 2931; x_wconf 90' lang='lat' dir='ltr'>modo</span> <span class='ocrx_word' id='word_1_233' title='bbox 425 2890 556 2954; x_wconf 82' lang='lat' dir='ltr'>optantes.</span> <span class='ocrx_word' id='word_1_234' title='bbox 581 2881 634 2933; x_wconf 86' lang='lat' dir='ltr'>llll·</span> <span class='ocrx_word' id='word_1_235' title='bbox 676 2878 721 2932; x_wconf 88' lang='lat' dir='ltr'>cit.</span> <span class='ocrx_word' id='word_1_236' title='bbox 741 2879 874 2933; x_wconf 78' lang='lat' dir='ltr'>Aristotel.</span> <span class='ocrx_word' id='word_1_237' title='bbox 896 2881 994 2935; x_wconf 87' lang='lat' dir='ltr'>Histor.</span> <span class='ocrx_word' id='word_1_238' title='bbox 1014 2885 1128 2940; x_wconf 79' lang='lat' dir='ltr'>Animal.</span> <span class='ocrx_word' id='word_1_239' title='bbox 1146 2890 1192 2945; x_wconf 88' lang='lat' dir='ltr'>lib.</span> 
     </span>
     <span class='ocr_line' id='line_1_28' title="bbox 115 2953 1193 3041; baseline 0.01 -28"><span class='ocrx_word' id='word_1_240' title='bbox 115 2960 225 3033; x_wconf 83' lang='lat' dir='ltr'>quando</span> <span class='ocrx_word' id='word_1_241' title='bbox 234 2973 259 3015; x_wconf 91' lang='lat' dir='ltr'>et</span> <span class='ocrx_word' id='word_1_242' title='bbox 270 2958 385 3013; x_wconf 86' lang='lat' dir='ltr'>entomis</span> <span class='ocrx_word' id='word_1_243' title='bbox 394 2962 505 3015; x_wconf 87' lang='lat' dir='ltr'>marinis</span> <span class='ocrx_word' id='word_1_244' title='bbox 517 2960 634 3015; x_wconf 83' lang='lat' dir='ltr'>miserti·</span> <span class='ocrx_word' id='word_1_245' title='bbox 675 2958 728 3026; x_wconf 85' lang='lat' dir='ltr'>IV,</span> <span class='ocrx_word' id='word_1_246' title='bbox 741 2976 799 3031; x_wconf 83' lang='lat' dir='ltr'>cap.</span> <span class='ocrx_word' id='word_1_247' title='bbox 816 2967 867 3028; x_wconf 67' lang='lat'>49⁰</span> <span class='ocrx_word' id='word_1_248' title='bbox 876 2980 883 3013; x_wconf 90' lang='lat'><strong>:</strong></span> <span class='ocrx_word' id='word_1_249' title='bbox 893 2953 979 3032; x_wconf 75' lang='grc' dir='ltr'>Ᾰφίησι</span> <span class='ocrx_word' id='word_1_250' title='bbox 992 2959 1021 3016; x_wconf 73' lang='lat' dir='ltr'>dl</span> <span class='ocrx_word' id='word_1_251' title='bbox 1033 2965 1074 3017; x_wconf 75' lang='lat' dir='ltr'>nal</span> <span class='ocrx_word' id='word_1_252' title='bbox 1091 2966 1193 3041; x_wconf 54' lang='lat' dir='ltr'>turpis</span> 
     </span>
     <span class='ocr_line' id='line_1_29' title="bbox 114 3041 1191 3123; baseline 0.009 -30"><span class='ocrx_word' id='word_1_253' title='bbox 114 3060 158 3093; x_wconf 88' lang='lat' dir='ltr'>me</span> <span class='ocrx_word' id='word_1_254' title='bbox 176 3041 279 3102; x_wconf 77' lang='lat' dir='ltr'>vexati,</span> <span class='ocrx_word' id='word_1_255' title='bbox 299 3041 503 3105; x_wconf 73' lang='lat' dir='ltr'>demorentur,</span> <span class='ocrx_word' id='word_1_256' title='bbox 527 3054 558 3095; x_wconf 90' lang='lat' dir='ltr'>ut</span> <span class='ocrx_word' id='word_1_257' title='bbox 578 3060 632 3095; x_wconf 92' lang='lat' dir='ltr'>non</span> <span class='ocrx_word' id='word_1_258' title='bbox 676 3041 790 3112; x_wconf 74' lang='grc' dir='ltr'>τριγμὸν,</span> <span class='ocrx_word' id='word_1_259' title='bbox 803 3041 846 3093; x_wconf 76' lang='grc' dir='ltr'>καὶ</span> <span class='ocrx_word' id='word_1_260' title='bbox 859 3042 941 3113; x_wconf 66' lang='lat' dir='ltr'>pitu,</span> <span class='ocrx_word' id='word_1_261' title='bbox 957 3044 1013 3095; x_wconf 75' lang='grc' dir='ltr'>ὅταν</span> <span class='ocrx_word' id='word_1_262' title='bbox 1027 3044 1107 3117; x_wconf 66' lang='grc' dir='ltr'>δξίλθῃ</span> <span class='ocrx_word' id='word_1_263' title='bbox 1120 3052 1143 3101; x_wconf 79' lang='grc' dir='ltr'>ἰν</span> <span class='ocrx_word' id='word_1_264' title='bbox 1156 3060 1191 3123; x_wconf 77' lang='grc' dir='ltr'>τῷ</span> 
     </span>
     <span class='ocr_line' id='line_1_30' title="bbox 113 3114 843 3193; baseline -0.001 -20"><span class='ocrx_word' id='word_1_265' title='bbox 113 3122 185 3173; x_wconf 76' lang='lat' dir='ltr'>ultra</span> <span class='ocrx_word' id='word_1_266' title='bbox 206 3136 338 3193; x_wconf 83' lang='lat' dir='ltr'>aquarum</span> <span class='ocrx_word' id='word_1_267' title='bbox 359 3114 528 3190; x_wconf 79' lang='lat' dir='ltr'>superficiem</span> <span class='ocrx_word' id='word_1_268' title='bbox 550 3121 633 3174; x_wconf 91' lang='lat' dir='ltr'>modo</span> <span class='ocrx_word' id='word_1_269' title='bbox 677 3119 843 3190; x_wconf 69' lang='lat' dir='ltr'>ilipullinu.</span> 
     </span>
     <span class='ocr_line' id='line_1_31' title="bbox 115 3199 1192 3271; baseline 0.008 -17"><span class='ocrx_word' id='word_1_270' title='bbox 115 3202 244 3265; x_wconf 81' lang='lat' dir='ltr'>emicent,</span> <span class='ocrx_word' id='word_1_271' title='bbox 256 3199 303 3253; x_wconf 81' lang='lat' dir='ltr'>sed</span> <span class='ocrx_word' id='word_1_272' title='bbox 318 3210 345 3252; x_wconf 85' lang='lat' dir='ltr'>st</span> <span class='ocrx_word' id='word_1_273' title='bbox 358 3200 387 3251; x_wconf 92' lang='lat' dir='ltr'>in</span> <span class='ocrx_word' id='word_1_274' title='bbox 398 3200 483 3271; x_wconf 82' lang='lat' dir='ltr'>ripas:</span> <span class='ocrx_word' id='word_1_275' title='bbox 493 3218 556 3254; x_wconf 88' lang='lat' dir='ltr'>nam</span> <span class='ocrx_word' id='word_1_276' title='bbox 567 3202 634 3255; x_wconf 90' lang='lat' dir='ltr'>obli·</span> <span class='ocrx_word' id='word_1_277' title='bbox 713 3218 755 3252; x_wconf 77' lang='lat' dir='ltr'>ra.</span> <span class='ocrx_word' id='word_1_278' title='bbox 766 3206 823 3267; x_wconf 80' lang='lat' dir='ltr'>Qua</span> <span class='ocrx_word' id='word_1_279' title='bbox 833 3203 865 3252; x_wconf 82' lang='lat' dir='ltr'>de</span> <span class='ocrx_word' id='word_1_280' title='bbox 874 3220 961 3254; x_wconf 79' lang='lat' dir='ltr'>eausa.</span> <span class='ocrx_word' id='word_1_281' title='bbox 972 3202 1059 3267; x_wconf 85' lang='lat' dir='ltr'>Quam</span> <span class='ocrx_word' id='word_1_282' title='bbox 1073 3206 1110 3259; x_wconf 92' lang='lat' dir='ltr'>oh</span> <span class='ocrx_word' id='word_1_283' title='bbox 1128 3227 1192 3263; x_wconf 84' lang='lat' dir='ltr'>cnu-</span> 
     </span>
     <span class='ocr_line' id='line_1_32' title="bbox 115 3277 1192 3355; baseline 0.006 -23"><span class='ocrx_word' id='word_1_284' title='bbox 115 3292 197 3355; x_wconf 85' lang='lat' dir='ltr'>quaot</span> <span class='ocrx_word' id='word_1_285' title='bbox 217 3277 365 3351; x_wconf 79' lang='lat' dir='ltr'>saepissime</span> <span class='ocrx_word' id='word_1_286' title='bbox 383 3296 500 3332; x_wconf 86' lang='lat' dir='ltr'>cursum.</span> <span class='ocrx_word' id='word_1_287' title='bbox 515 3282 562 3334; x_wconf 80' lang='lat' dir='ltr'>Ar.</span> <span class='ocrx_word' id='word_1_288' title='bbox 676 3296 745 3341; x_wconf 82' lang='lat' dir='ltr'>snm,</span> <span class='ocrx_word' id='word_1_289' title='bbox 761 3279 867 3350; x_wconf 85' lang='lat' dir='ltr'>iuquit,</span> <span class='ocrx_word' id='word_1_290' title='bbox 877 3279 969 3333; x_wconf 84' lang='lat' dir='ltr'>datum</span> <span class='ocrx_word' id='word_1_291' title='bbox 981 3281 1032 3336; x_wconf 86' lang='lat' dir='ltr'>illis</span> <span class='ocrx_word' id='word_1_292' title='bbox 1044 3302 1143 3340; x_wconf 87' lang='lat' dir='ltr'>nomen</span> <span class='ocrx_word' id='word_1_293' title='bbox 1156 3290 1192 3344; x_wconf 86' lang='lat' dir='ltr'>Si-</span> 
     </span>
     <span class='ocr_line' id='line_1_33' title="bbox 153 3358 1192 3432; baseline 0.01 -22"><span class='ocrx_word' id='word_1_294' title='bbox 153 3379 194 3430; x_wconf 85' lang='lat'>¹9·</span> <span class='ocrx_word' id='word_1_295' title='bbox 214 3365 269 3412; x_wconf 83' lang='lat' dir='ltr'>Nec</span> <span class='ocrx_word' id='word_1_296' title='bbox 284 3362 367 3410; x_wconf 81' lang='lat' dir='ltr'>statim</span> <span class='ocrx_word' id='word_1_297' title='bbox 389 3362 474 3412; x_wconf 83' lang='lat' dir='ltr'>tellure</span> <span class='ocrx_word' id='word_1_298' title='bbox 495 3374 563 3411; x_wconf 82' lang='lat' dir='ltr'>taeta</span> <span class='ocrx_word' id='word_1_299' title='bbox 579 3380 632 3411; x_wconf 86' lang='lat' dir='ltr'>mo·</span> <span class='ocrx_word' id='word_1_300' title='bbox 676 3360 762 3411; x_wconf 82' lang='lat' dir='ltr'>monis</span> <span class='ocrx_word' id='word_1_301' title='bbox 772 3370 812 3412; x_wconf 85' lang='lat' dir='ltr'>est</span> <span class='ocrx_word' id='word_1_302' title='bbox 825 3378 833 3412; x_wconf 71' lang='grc' dir='ltr'><em>τ</em></span> <span class='ocrx_word' id='word_1_303' title='bbox 846 3358 920 3432; x_wconf 84' lang='lat' dir='ltr'>quod</span> <span class='ocrx_word' id='word_1_304' title='bbox 932 3360 1031 3414; x_wconf 88' lang='lat' dir='ltr'>mirum</span> <span class='ocrx_word' id='word_1_305' title='bbox 1041 3376 1080 3417; x_wconf 85' lang='lat' dir='ltr'>est</span> <span class='ocrx_word' id='word_1_306' title='bbox 1091 3368 1125 3419; x_wconf 90' lang='lat' dir='ltr'>ab</span> <span class='ocrx_word' id='word_1_307' title='bbox 1134 3385 1192 3423; x_wconf 87' lang='lat' dir='ltr'>om-</span> 
     </span>
     <span class='ocr_line' id='line_1_34' title="bbox 116 3438 1191 3512; baseline 0.011 -21"><span class='ocrx_word' id='word_1_308' title='bbox 116 3444 229 3491; x_wconf 71' lang='lat' dir='ltr'>mirum.-</span> <span class='ocrx_word' id='word_1_309' title='bbox 244 3444 369 3507; x_wconf 80' lang='lat' dir='ltr'>multoque</span> <span class='ocrx_word' id='word_1_310' title='bbox 385 3442 546 3511; x_wconf 82' lang='lat' dir='ltr'>oelnsfistnla</span> <span class='ocrx_word' id='word_1_311' title='bbox 559 3444 631 3491; x_wconf 85' lang='lat' dir='ltr'>clau·</span> <span class='ocrx_word' id='word_1_312' title='bbox 675 3438 753 3492; x_wconf 87' lang='lat' dir='ltr'>uibus</span> <span class='ocrx_word' id='word_1_313' title='bbox 767 3439 819 3492; x_wconf 81' lang='lat' dir='ltr'>illis</span> <span class='ocrx_word' id='word_1_314' title='bbox 835 3440 944 3510; x_wconf 75' lang='lat' dir='ltr'>agnosci</span> <span class='ocrx_word' id='word_1_315' title='bbox 960 3458 967 3493; x_wconf 75' lang='grc' dir='ltr'><strong><em>ε</em></strong></span> <span class='ocrx_word' id='word_1_316' title='bbox 983 3444 1109 3512; x_wconf 82' lang='lat' dir='ltr'>qnoniam</span> <span class='ocrx_word' id='word_1_317' title='bbox 1128 3466 1191 3503; x_wconf 89' lang='lat' dir='ltr'>cum</span> 
     </span>
     <span class='ocr_line' id='line_1_35' title="bbox 115 3517 1191 3593; baseline 0.011 -22"><span class='ocrx_word' id='word_1_318' title='bbox 115 3540 152 3571; x_wconf 80' lang='lat' dir='ltr'>sa.</span> <span class='ocrx_word' id='word_1_319' title='bbox 164 3520 299 3571; x_wconf 80' lang='lat' dir='ltr'>Barbarus</span> <span class='ocrx_word' id='word_1_320' title='bbox 308 3528 401 3570; x_wconf 69' lang='lat' dir='ltr'>contre</span> <span class='ocrx_word' id='word_1_321' title='bbox 414 3518 534 3571; x_wconf 90' lang='lat' dir='ltr'>omnium</span> <span class='ocrx_word' id='word_1_322' title='bbox 546 3538 633 3571; x_wconf 89' lang='lat' dir='ltr'>exem·</span> <span class='ocrx_word' id='word_1_323' title='bbox 676 3517 791 3589; x_wconf 78' lang='lat' dir='ltr'>quodem</span> <span class='ocrx_word' id='word_1_324' title='bbox 806 3530 886 3571; x_wconf 79' lang='lat' dir='ltr'>contu</span> <span class='ocrx_word' id='word_1_325' title='bbox 900 3536 954 3591; x_wconf 89' lang='lat' dir='ltr'>quo</span> <span class='ocrx_word' id='word_1_326' title='bbox 966 3522 1126 3593; x_wconf 87' lang='lat' dir='ltr'>mulcentur,</span> <span class='ocrx_word' id='word_1_327' title='bbox 1138 3548 1191 3583; x_wconf 83' lang='lat' dir='ltr'>vox</span> 
     </span>
     <span class='ocr_line' id='line_1_36' title="bbox 115 3597 1226 3681; baseline 0.011 -30"><span class='ocrx_word' id='word_1_328' title='bbox 115 3599 227 3671; x_wconf 67' lang='lat' dir='ltr'>plurium</span> <span class='ocrx_word' id='word_1_329' title='bbox 244 3598 497 3670; x_wconf 81' lang='lat' dir='ltr'>fidem,scripsernt</span> <span class='ocrx_word' id='word_1_330' title='bbox 508 3597 632 3670; x_wconf 90' lang='lat' dir='ltr'>quidem,</span> <span class='ocrx_word' id='word_1_331' title='bbox 675 3598 718 3651; x_wconf 81' lang='lat' dir='ltr'>illa</span> <span class='ocrx_word' id='word_1_332' title='bbox 730 3598 878 3670; x_wconf 79' lang='lat' dir='ltr'>profertur,</span> <span class='ocrx_word' id='word_1_333' title='bbox 895 3600 962 3652; x_wconf 80' lang='lat' dir='ltr'>elato</span> <span class='ocrx_word' id='word_1_334' title='bbox 977 3606 1123 3673; x_wconf 86' lang='lat' dir='ltr'>posteriore</span> <span class='ocrx_word' id='word_1_335' title='bbox 1138 3609 1192 3681; x_wconf 83' lang='lat' dir='ltr'>syl·</span> <span class='ocrx_word' id='word_1_336' title='bbox 1220 3644 1226 3654; x_wconf 79' lang='lat'><strong>·</strong></span> 
     </span>
     <span class='ocr_line' id='line_1_37' title="bbox 116 3676 1192 3762; baseline 0 -31"><span class='ocrx_word' id='word_1_337' title='bbox 116 3694 140 3731; x_wconf 83' lang='lat' dir='ltr'>et</span> <span class='ocrx_word' id='word_1_338' title='bbox 151 3682 229 3731; x_wconf 67' lang='lat' dir='ltr'>rreum</span> <span class='ocrx_word' id='word_1_339' title='bbox 237 3684 412 3731; x_wconf 80' lang='lat' dir='ltr'>telluretaeta.</span> <span class='ocrx_word' id='word_1_340' title='bbox 421 3678 475 3731; x_wconf 85' lang='lat' dir='ltr'>Nos</span> <span class='ocrx_word' id='word_1_341' title='bbox 487 3676 631 3749; x_wconf 82' lang='lat' dir='ltr'>Regiorum</span> <span class='ocrx_word' id='word_1_342' title='bbox 675 3676 734 3731; x_wconf 81' lang='lat' dir='ltr'>laba</span> <span class='ocrx_word' id='word_1_343' title='bbox 743 3679 830 3746; x_wconf 83' lang='lat' dir='ltr'>vocis,</span> <span class='ocrx_word' id='word_1_344' title='bbox 839 3683 931 3742; x_wconf 80' lang='lat' dir='ltr'>Simon,</span> <span class='ocrx_word' id='word_1_345' title='bbox 944 3686 1036 3737; x_wconf 78' lang='lat' dir='ltr'>Simon.</span> <span class='ocrx_word' id='word_1_346' title='bbox 1052 3687 1135 3741; x_wconf 89' lang='lat' dir='ltr'>Solini</span> <span class='ocrx_word' id='word_1_347' title='bbox 1145 3708 1192 3762; x_wconf 66' lang='lat' dir='ltr'>pa.</span> 
     </span>
     <span class='ocr_line' id='line_1_38' title="bbox 115 3758 1193 3829; baseline 0.008 -17"><span class='ocrx_word' id='word_1_348' title='bbox 115 3758 190 3812; x_wconf 82' lang='lat' dir='ltr'>codd.</span> <span class='ocrx_word' id='word_1_349' title='bbox 205 3778 217 3812; x_wconf 91' lang='lat' dir='ltr'>r</span> <span class='ocrx_word' id='word_1_350' title='bbox 232 3772 258 3813; x_wconf 93' lang='lat' dir='ltr'>et</span> <span class='ocrx_word' id='word_1_351' title='bbox 274 3758 437 3820; x_wconf 79' lang='lat' dir='ltr'>2‚Colbert.</span> <span class='ocrx_word' id='word_1_352' title='bbox 450 3776 461 3811; x_wconf 88' lang='lat'>1</span> <span class='ocrx_word' id='word_1_353' title='bbox 474 3770 500 3811; x_wconf 91' lang='lat' dir='ltr'>et</span> <span class='ocrx_word' id='word_1_354' title='bbox 515 3776 540 3823; x_wconf 82' lang='lat' dir='ltr'>a,</span> <span class='ocrx_word' id='word_1_355' title='bbox 552 3758 631 3811; x_wconf 87' lang='lat' dir='ltr'>Paris.</span> <span class='ocrx_word' id='word_1_356' title='bbox 675 3758 811 3829; x_wconf 81' lang='lat' dir='ltr'>ruphrasis</span> <span class='ocrx_word' id='word_1_357' title='bbox 825 3774 832 3810; x_wconf 75' lang='grc' dir='ltr'><em>τ</em></span> <span class='ocrx_word' id='word_1_358' title='bbox 851 3784 862 3806; x_wconf 82' lang='grc' dir='ltr'>ι</span> <span class='ocrx_word' id='word_1_359' title='bbox 876 3759 988 3814; x_wconf 88' lang='lat' dir='ltr'>Certum</span> <span class='ocrx_word' id='word_1_360' title='bbox 1001 3763 1102 3817; x_wconf 80' lang='lat' dir='ltr'>hubent</span> <span class='ocrx_word' id='word_1_361' title='bbox 1115 3786 1193 3821; x_wconf 77' lang='lat' dir='ltr'>vocn-</span> 
     </span>
     <span class='ocr_line' id='line_1_39' title="bbox 115 3837 1191 3913; baseline 0.009 -22"><span class='ocrx_word' id='word_1_362' title='bbox 115 3838 201 3893; x_wconf 80' lang='lat' dir='ltr'>chiffl.</span> <span class='ocrx_word' id='word_1_363' title='bbox 225 3850 252 3892; x_wconf 89' lang='lat' dir='ltr'>et</span> <span class='ocrx_word' id='word_1_364' title='bbox 269 3838 362 3891; x_wconf 88' lang='lat' dir='ltr'>Tolet.</span> <span class='ocrx_word' id='word_1_365' title='bbox 375 3837 630 3892; x_wconf 75' lang='lat' dir='ltr'>auctoritatemcum</span> <span class='ocrx_word' id='word_1_366' title='bbox 674 3837 785 3899; x_wconf 83' lang='lat' dir='ltr'>bulum,</span> <span class='ocrx_word' id='word_1_367' title='bbox 806 3857 861 3911; x_wconf 86' lang='lat' dir='ltr'>quo</span> <span class='ocrx_word' id='word_1_368' title='bbox 881 3852 991 3913; x_wconf 80' lang='lat' dir='ltr'>accepto</span> <span class='ocrx_word' id='word_1_369' title='bbox 1009 3857 1136 3899; x_wconf 78' lang='lat' dir='ltr'>vocantes</span> <span class='ocrx_word' id='word_1_370' title='bbox 1149 3866 1191 3901; x_wconf 87' lang='lat' dir='ltr'>se·</span> 
     </span>
     <span class='ocr_line' id='line_1_40' title="bbox 116 3914 1191 3994; baseline 0.008 -23"><span class='ocrx_word' id='word_1_371' title='bbox 116 3918 231 3973; x_wconf 78' lang='lat' dir='ltr'>Pintiano</span> <span class='ocrx_word' id='word_1_372' title='bbox 253 3917 342 3972; x_wconf 84' lang='lat' dir='ltr'>secuti</span> <span class='ocrx_word' id='word_1_373' title='bbox 371 3934 478 3979; x_wconf 84' lang='lat' dir='ltr'>sumus,</span> <span class='ocrx_word' id='word_1_374' title='bbox 505 3926 530 3970; x_wconf 83' lang='lat' dir='ltr'>et</span> <span class='ocrx_word' id='word_1_375' title='bbox 557 3914 631 3989; x_wconf 86' lang='lat' dir='ltr'>quod</span> <span class='ocrx_word' id='word_1_376' title='bbox 675 3929 796 3988; x_wconf 89' lang='lat' dir='ltr'>qunntur</span> <span class='ocrx_word' id='word_1_377' title='bbox 819 3936 910 3971; x_wconf 77' lang='lat' dir='ltr'>enam</span> <span class='ocrx_word' id='word_1_378' title='bbox 937 3921 1045 3994; x_wconf 89' lang='lat' dir='ltr'>proprie</span> <span class='ocrx_word' id='word_1_379' title='bbox 1070 3924 1191 3981; x_wconf 74' lang='lat' dir='ltr'>simones</span> 
     </span>
     <span class='ocr_line' id='line_1_41' title="bbox 114 3994 1192 4068; baseline 0.007 -17"><span class='ocrx_word' id='word_1_380' title='bbox 114 4002 204 4055; x_wconf 73' lang='lat' dir='ltr'>ceruus</span> <span class='ocrx_word' id='word_1_381' title='bbox 213 3998 303 4051; x_wconf 87' lang='lat' dir='ltr'>multo</span> <span class='ocrx_word' id='word_1_382' title='bbox 317 4010 373 4064; x_wconf 85' lang='lat' dir='ltr'>est,</span> <span class='ocrx_word' id='word_1_383' title='bbox 384 3994 539 4068; x_wconf 88' lang='lat' dir='ltr'>Philosophi</span> <span class='ocrx_word' id='word_1_384' title='bbox 548 3997 631 4068; x_wconf 90' lang='lat' dir='ltr'>ipsius</span> <span class='ocrx_word' id='word_1_385' title='bbox 675 3997 857 4051; x_wconf 86' lang='lat' dir='ltr'>nominantur.</span> <span class='ocrx_word' id='word_1_386' title='bbox 869 4024 882 4043; x_wconf 71' lang='grc' dir='ltr'>ι»</span> <span class='ocrx_word' id='word_1_387' title='bbox 892 3998 985 4054; x_wconf 77' lang='lat' dir='ltr'>Hisn.</span> <span class='ocrx_word' id='word_1_388' title='bbox 995 4034 1031 4042; x_wconf 94' lang='lat'><em>-</em></span> <span class='ocrx_word' id='word_1_389' title='bbox 1041 4002 1140 4059; x_wconf 79' lang='lat' dir='ltr'>Mirum</span> <span class='ocrx_word' id='word_1_390' title='bbox 1151 4020 1192 4059; x_wconf 85' lang='lat' dir='ltr'>tot</span> 
     </span>
     <span class='ocr_line' id='line_1_42' title="bbox 114 4076 1193 4147; baseline 0.008 -18"><span class='ocrx_word' id='word_1_391' title='bbox 114 4078 174 4131; x_wconf 84' lang='lat' dir='ltr'>llist.</span> <span class='ocrx_word' id='word_1_392' title='bbox 189 4079 280 4131; x_wconf 78' lang='lat' dir='ltr'>Anim.</span> <span class='ocrx_word' id='word_1_393' title='bbox 291 4078 341 4130; x_wconf 88' lang='lat' dir='ltr'>lib.</span> <span class='ocrx_word' id='word_1_394' title='bbox 357 4076 485 4141; x_wconf 89' lang='lat' dir='ltr'><strong>VIII‚c.</strong></span> <span class='ocrx_word' id='word_1_395' title='bbox 499 4094 556 4147; x_wconf 58' lang='grc' dir='ltr'>’,μ</span> <span class='ocrx_word' id='word_1_396' title='bbox 570 4076 631 4141; x_wconf 81' lang='grc'><strong>860,</strong></span> <span class='ocrx_word' id='word_1_397' title='bbox 675 4076 768 4131; x_wconf 88' lang='lat' dir='ltr'>doctos</span> <span class='ocrx_word' id='word_1_398' title='bbox 793 4078 864 4133; x_wconf 83' lang='lat' dir='ltr'>viros</span> <span class='ocrx_word' id='word_1_399' title='bbox 890 4078 918 4129; x_wconf 88' lang='lat' dir='ltr'>in</span> <span class='ocrx_word' id='word_1_400' title='bbox 944 4097 1025 4134; x_wconf 80' lang='lat' dir='ltr'>causa</span> <span class='ocrx_word' id='word_1_401' title='bbox 1051 4082 1193 4138; x_wconf 74' lang='lat' dir='ltr'>hesitasse.</span> 
     </span>
     <span class='ocr_line' id='line_1_43' title="bbox 112 4152 1193 4231; baseline 0.006 -20"><span class='ocrx_word' id='word_1_402' title='bbox 112 4157 260 4223; x_wconf 71' lang='lat' dir='ltr'>soihentis,</span> <span class='ocrx_word' id='word_1_403' title='bbox 285 4169 400 4230; x_wconf 86' lang='lat' dir='ltr'>coptum</span> <span class='ocrx_word' id='word_1_404' title='bbox 424 4152 581 4227; x_wconf 85' lang='lat' dir='ltr'>delphinum</span> <span class='ocrx_word' id='word_1_405' title='bbox 601 4156 629 4210; x_wconf 90' lang='lat' dir='ltr'>in</span> <span class='ocrx_word' id='word_1_406' title='bbox 675 4156 778 4213; x_wconf 83' lang='lat' dir='ltr'>Nomen</span> <span class='ocrx_word' id='word_1_407' title='bbox 788 4156 910 4213; x_wconf 78' lang='lat' dir='ltr'>Simoni!</span> <span class='ocrx_word' id='word_1_408' title='bbox 925 4158 999 4214; x_wconf 80' lang='lat' dir='ltr'>aliud</span> <span class='ocrx_word' id='word_1_409' title='bbox 1008 4177 1090 4231; x_wconf 81' lang='lat' dir='ltr'>quam</span> <span class='ocrx_word' id='word_1_410' title='bbox 1101 4163 1193 4217; x_wconf 82' lang='lat' dir='ltr'>sibilus</span> 
     </span>
    </p>
   </div>
   <div class='ocr_carea' id='block_1_4' title="bbox 187 4270 1057 4339">
    <p class='ocr_par' dir='ltr' id='par_1_4' title="bbox 187 4270 1057 4339">
     <span class='ocr_line' id='line_1_44' title="bbox 187 4270 1057 4339; baseline -0.002 0"><span class='ocrx_word' id='word_1_411' title='bbox 187 4270 255 4339; x_wconf 90' lang='lat' dir='ltr'>IV.</span> <span class='ocrx_word' id='word_1_412' title='bbox 1037 4295 1057 4337; x_wconf 84' lang='lat'>2</span> 
     </span>
    </p>
   </div>
   <div class='ocr_carea' id='block_1_5' title="bbox 0 0 1604 5159">
    <p class='ocr_par' dir='ltr' id='par_1_5' title="bbox 0 0 1604 5159">
     <span class='ocr_line' id='line_1_45' title="bbox 0 0 1604 5159; baseline 0 3"><span class='ocrx_word' id='word_1_413' title='bbox 0 0 1604 5159; x_wconf 95' lang='lat' dir='ltr'> </span> 
     </span>
    </p>
   </div>
  </div>
 </body>
</html>
