3200 5159
577 570 733 639 LIBER
756 568 825 635 In
1167 564 1233 652 145

219 701 297 794 Tyri
305 698 329 724 ¹¹
351 701 538 796 praecipuus
554 700 609 770 hic
637 702 722 771 Asiae
746 727 755 770 z
778 700 815 769 in
834 698 1013 793 Meninge,
1041 697 1180 783 Africae,
1200 716 1235 771 et
1253 706 1269 758 3

168 805 301 878 Gaetulo
334 803 444 876 littore
472 808 630 877 Oceani:
664 809 700 875 in
725 807 892 876 Laconica
901 802 945 891 ¹²,
969 807 1122 899 Europae.
1147 806 1234 877 Huic

169 899 303 982 fasces¹³
325 937 520 1007 securesque
545 937 690 984 romanae
716 915 805 982 viam
830 912 974 981 faciunt:
1002 910 1154 1006 idemque
1172 937 1233 1006 pro

170 1019 339 1113 majestate
361 1021 509 1113 pueritiae
528 1006 620 1089 est¹⁴.
649 1004 863 1114 Distinguit¹⁵
885 1017 928 1085 ab
952 1019 1067 1113 equite
1087 1021 1232 1087 curiam:

173 1262 227 1317 fuci
243 1263 363 1335 copiam,
376 1282 430 1336 quo
448 1282 522 1316 nunc
538 1264 680 1329 infectores
723 1282 806 1329 naus,
825 1262 971 1317 obscuritas
987 1263 1103 1327 rubens,
1125 1262 1237 1336 nigredo

172 1362 320 1415 purpuram
329 1343 474 1414 elegantem
486 1344 618 1397 amulam.
629 1344 664 1398 Η.
724 1343 868 1415 sanguinea
877 1355 1030 1413 regnantem
1040 1340 1180 1409 discernit,
1192 1344 1239 1399 do·

216 1441 261 1477 ιι..
277 1424 347 1497 Tyri
361 1423 468 1477 Florem
482 1423 571 1487 bunc,
580 1424 681 1495 inquit,
725 1423 830 1475 minum
845 1422 1017 1493 conspicuum
1033 1422 1096 1475 facit
1110 1440 1117 1476 ε
1131 1436 1158 1476 et
1169 1442 1239 1494 prer-

173 1520 316 1555 succumve
328 1503 398 1573 Tyri
419 1503 584 1573 prucipuum
602 1504 683 1557 babet
725 1514 776 1557 stat
787 1503 905 1555 hnmano
919 1508 1022 1573 generi,
1034 1520 1069 1555 ne
1081 1501 1115 1555 de
1127 1522 1240 1574 conspe·

173 1582 251 1635 Asis:
262 1583 290 1635 ia
298 1581 426 1652 Meninge
434 1582 566 1648 insula,et
576 1583 683 1637 Gatnlo
725 1593 771 1635 ctu
786 1582 917 1653 principis
929 1581 1012 1651 possit
1023 1583 1115 1636 errari.
1133 1606 1144 1629 ι
1163 1582 1235 1637 Vide

175 1662 275 1715 Oceani
283 1662 374 1715 littore
382 1700 391 1726 ,
400 1660 492 1715 Africa
506 1680 514 1714 :
530 1662 559 1715 in
568 1663 682 1717 Laconi·
726 1680 786 1733 quze
797 1659 910 1715 dicenda
926 1672 988 1713 sunt
998 1660 1068 1713 libro
1080 1678 1135 1731 seq.
1148 1680 1172 1713 c.
1187 1669 1233 1725 ²⁴·

174 1742 343 1813 ea,ssuropa.
355 1740 488 1811 Lepidum
496 1753 548 1806 est,
558 1754 584 1795 et
592 1742 683 1796 relatu
726 1740 819 1794 lirun.
829 1770 869 1781 ·-
878 1742 968 1793 Fasces
978 1758 1121 1811 saeuusque.
1133 1742 1235 1795 Consu·

174 1819 436 1891 jucundum,neqne
447 1821 564 1875 alienum
577 1822 630 1874 boc
641 1822 683 1874 lo·
726 1821 793 1873 latus
821 1820 932 1891 insignia
957 1819 1064 1871 fuerunt
1091 1817 1235 1873 duodecirn

175 1918 219 1964 oo,
229 1900 302 1972 quod
310 1899 345 1953 de
353 1917 480 1971 purpuras
490 1900 593 1971 origine
601 1902 684 1955 refert
726 1900 821 1965 fasces,
837 1898 948 1951 totidem
961 1898 1082 1961 lictores,
1097 1914 1236 1969 purpurea

176 1979 363 2044 Cassiodorus,
377 1981 441 2033 Var.
462 1980 509 2031 lib.
525 1981 555 2045 1,
575 1998 617 2051 ep.
635 1999 659 2034 11
673 1998 681 2032 :
726 1990 864 2049 pretextu,
876 1977 975 2031 curulis
986 1977 1056 2029 sella.
1066 1978 1107 2029 De
1121 1979 1236 2033 comitile

178 2086 191 2109 ι
202 2062 293 2125 Quum
304 2060 374 2111 fame
384 2059 456 2111 canis
474 2057 567 2126 auida,
582 2060 683 2128 inquit,
726 2058 923 2121 consularibus,
935 2056 1101 2127 imperioque
1121 2070 1147 2110 et
1162 2071 1236 2129 pote·

176 2140 204 2193 in
214 2140 298 2212 Tyrio
311 2139 402 2191 littore
412 2140 531 2208 projecta
544 2139 683 2209 conchylis
724 2150 790 2191 state
800 2156 832 2190 ac
842 2136 970 2207 dignitate
981 2137 1120 2187 consulum
1132 2138 1237 2208 amplis·

176 2219 307 2289 impressis
324 2215 487 2271 mandibulis
505 2217 683 2282 contudisset,
725 2215 903 2270 rimedisserit
910 2213 1039 2269 Alexand.
1057 2216 1090 2267 ab
1106 2215 1235 2269 Alexand.

176 2300 220 2352 illa
237 2299 395 2351 naturaliter
413 2297 555 2349 humorem
578 2298 683 2369 sangui·
725 2297 773 2349 lib.
786 2296 999 2367 IlI,cap.3,et
1010 2295 1057 2347 lib.
1067 2295 1104 2359 V,
1117 2312 1174 2367 cup.
1189 2300 1234 2351 ιθ.

176 2376 429 2439 neumdeflnentia,
440 2395 487 2429 ora
497 2378 554 2446 ejus
568 2376 684 2430 mirabili
727 2377 829 2429 Denso.

178 2457 265 2511 colore
274 2458 420 2511 tinxerunt.
426 2456 470 2519 Et,
479 2468 510 2509 nt
522 2467 562 2508 est
573 2474 630 2509 mos
636 2456 684 2508 bo·
770 2462 817 2518 ¹4·
829 2455 879 2505 Pru
889 2457 1012 2524 majestate
1023 2456 1135 2523 pueritiae
1146 2466 1190 2507 est.
1201 2455 1233 2506 In

177 2537 292 2589 minibus
314 2537 463 2589 occasiones
481 2535 631 2606 repentinas
649 2534 684 2587 ad
727 2534 870 2605 protestis.
887 2534 947 2598 Qua
965 2532 998 2586 de
1017 2552 1046 2589 re
1066 2534 1141 2605 mys.
1161 2532 1196 2586 ad
1216 2534 1236 2587 l.

178 2628 245 2669 artes
256 2615 368 2679 ducere,
388 2615 449 2667 talia
468 2616 587 2685 exempla
600 2614 685 2667 rnedi-
727 2616 815 2678 vestis,
827 2614 856 2667 fl.
872 2612 905 2667 de
914 2631 971 2667 eur.
983 2624 1010 2665 et
1020 2630 1075 2683 arg.
1086 2613 1136 2684 leg.
1150 2633 1173 2665 c.
1192 2630 1235 2667 ro.

178 2708 275 2761 tentes,
289 2696 409 2748 feceruut
423 2694 592 2765 principibus
604 2692 686 2747 deum
728 2691 924 2746 Drance-Pro
935 2695 1057 2762 majestate
1061 2694 1182 2762 pueritie.
1195 2694 1236 2745 Ita

179 2776 282 2838 nobile,
302 2786 352 2827 etc.
366 2798 378 2820 ι
404 2774 496 2826 Refert
517 2774 572 2826 hoc
594 2773 685 2844 ipsum
727 2772 805 2826 MSS.
822 2791 922 2825 omnes.
944 2772 1030 2824 Miror
1042 2769 1108 2825 adeo
1125 2772 1237 2825 Hermo-

177 2854 264 2907 Julius
272 2854 382 2918 Pollux,
391 2852 466 2905 haud
473 2853 553 2925 paulo
564 2853 686 2917 uberius,
727 2850 802 2905 laum
811 2870 940 2923 reponere
950 2851 1078 2915 voluisse,
1085 2852 1121 2903 ud
1129 2854 1238 2919 majestu-

178 2934 225 2987 lib.
237 2935 263 2995 1,
282 2951 341 3005 cap.
354 2939 382 2996 4.
397 2933 498 3003 Baphia
510 2933 686 2986 Phoeniciaein
729 2944 775 2983 terr
794 2935 913 3001 imperti:
934 2930 968 2983 de
992 2948 1044 3001 qua
1061 2933 1116 3000 jam
1136 2931 1238 2985 Plinius

178 3014 271 3085 primis
283 3011 428 3066 laudentur
449 3013 478 3064 iu
497 3010 564 3065 Cod.
581 3009 686 3065 Tbeod.
729 3010 979 3065 abundehisverbis
985 3010 1038 3080 egit
1044 3022 1134 3063 antea:
1148 3010 1239 3064 -llnic

178 3092 225 3145 lib.
239 3094 281 3153 Χ,
303 3090 372 3146 titul.
389 3110 424 3145 ao
444 3089 480 3145 de
499 3091 687 3162 Murilegulis,
729 3090 811 3145 fames
836 3108 992 3160 securesque
1022 3107 1139 3143 romaum
1167 3088 1241 3145 viam

156 3235 159 3239 ι
178 3171 234 3243 lege
252 3175 297 3227 rs.
312 3172 403 3224 Hsan.
729 3170 839 3224 faciunt.
858 3196 869 3217 ι
908 3171 1047 3223 Pertinent
1076 3168 1133 3224 boc
1165 3166 1239 3222 baud

221 3270 267 3305 rs.
282 3252 312 3305 lu
326 3252 455 3303 Lamum
471 3249 688 3320 hoonicaspur·
730 3248 813 3303 dubie
848 3248 882 3302 ad
921 3248 1053 3301 nobilium
1091 3266 1240 3318 puerorum

178 3348 259 3401 puras
274 3330 343 3383 mire
361 3329 487 3402 predicat
504 3329 644 3383 Pausanias
658 3328 687 3381 in
729 3342 827 3393 restes,
838 3329 936 3398 quibus
949 3345 1068 3399 purpura
1079 3329 1241 3397 pretexeba·

178 3411 277 3464 [acon.
287 3428 349 3482 pag.
359 3428 424 3464 soa.
436 3408 563 3462 Horatius
569 3426 687 3479 quoque,
731 3421 793 3462 tur:
809 3406 881 3460 unde
895 3418 978 3460 vestes
990 3406 1042 3459 ills
1056 3418 1187 3477 protextu
1201 3406 1241 3459 di·

180 3490 226 3543 lib
241 3492 285 3552 11,
295 3488 347 3543 ode
358 3508 428 3543 xrrrr
440 3490 537 3547 :sllec
547 3488 689 3542 laconicae
732 3487 781 3541 ebe
792 3507 801 3543 ι
814 3500 840 3539 et
855 3487 901 3558 qui
915 3486 957 3539 his
970 3488 1121 3551 utebantur,
1133 3498 1243 3558 protex-

180 3569 246 3623 mihi
265 3568 390 3623 Trahunt
418 3568 535 3623 bonerto
556 3584 689 3640 purpuras
732 3567 788 3621 uti.
805 3566 880 3619 Hanc
897 3578 995 3619 vestem
1010 3566 1146 3619 luvenalis
1163 3567 1242 3621 intel·

180 3649 290 3703 clientas.
304 3673 316 3696 ·
331 3644 483 3701 Cossiodori
492 3665 549 3700 arvo
560 3645 688 3717 Hydruu·
731 3646 811 3712 lexis,
823 3658 870 3699 sut.
882 3664 938 3710 xrr,
949 3664 975 3699 r.
992 3646 1027 3715 39
1038 3662 1069 3698 t·
1083 3678 1105 3697 .·
1117 3678 1124 3692 ·
1141 3652 1243 3698 vestem

181 3729 236 3785 tina
248 3746 369 3799 purpura
379 3728 408 3780 in
422 3726 537 3780 maxims
551 3744 688 3779 commen·
732 3726 915 3797 Purpuream,
927 3726 1024 3779 teneris
1033 3724 1243 3796 quoquebiuce·

181 3806 289 3861 datione
301 3805 509 3861 luitVideVar.
519 3806 604 3878 Epist.
618 3806 689 3859 libro
732 3806 841 3859 natibus
854 3816 951 3875 aptam.
967 3829 979 3851 ι
996 3804 1086 3857 Hero.

182 3888 249 3952 l,s.
263 3888 354 3941 lisso.
777 3884 822 3938 15.
842 3880 1117 3956 beringaerium
1137 3882 1165 3935 in
1186 3900 1244 3935 earn

222 3972 264 4019 13.
277 3967 345 4019 Huic
352 3967 379 4033 f.
392 3966 537 4036 Purpureas
548 3964 691 4017 oousulum
734 3965 890 4019 sententiam
907 3961 1094 4035 accipiendum
1108 3973 1161 4023 est,
1175 3973 1205 4013 ut
1216 3960 1246 4015 iu

182 4057 324 4117 protextu.
338 4044 426 4099 Simili
445 4044 573 4099 sententia
589 4043 693 4098 Cassio·
735 4043 866 4097 senatoria
887 4044 976 4098 tunica
995 4060 1141 4114 purpuram
1165 4039 1247 4093 fuisse

182 4123 282 4188 dorus,
301 4126 367 4178 Var.
389 4124 476 4197 Epist.
491 4123 538 4178 lib.
558 4124 587 4190 1,
608 4142 641 4189 a,
658 4113 695 4175 de
738 4123 866 4188 soluerit,
887 4123 916 4175 iu
931 4122 1048 4193 equestri
1069 4140 1125 4177 non
1140 4117 1246 4171 'fuisset

183 4223 303 4277 purpura
314 4225 321 4257 ι
332 4205 435 4259 «Color
445 4203 696 4274 nimiolsporever·
739 4202 790 4257 fuit
802 4202 872 4257 enim
883 4202 912 4257 in
928 4201 1001 4256 omni
1016 4202 1106 4255 tunica
1119 4218 1248 4274 purpura.

258 4315 325 4381 W.
1079 4334 1122 4379 ιο
