3200 5159
588 520 749 590 monn
781 520 847 588 ιι,
1174 523 1250 622 495

183 659 426 728 munimentum
436 671 553 727 contra
567 659 776 728 occursantia
789 654 958 744 animalia,
967 672 1026 728 aut
1036 657 1099 728 alia
1112 659 1252 734 fortuitu

184 766 371 835 incidentia.
401 765 559 835 Deiluere
582 751 656 834 eas⁵
682 765 772 834 haud
797 765 965 833 immerito
991 768 1122 836 Venere
1145 768 1250 850 abun·

182 870 338 941 dantibus
357 870 503 940 tradunt.
531 874 583 940 Ex
606 855 751 941 οοιῑειίι6
777 867 859 939 nulli
880 885 974 961 suut,
997 873 1061 942 uisi
1079 874 1198 969 quibua
1217 891 1251 946 et

183 978 217 1045 in
237 977 364 1073 reliquo
383 1001 523 1072 corpore
540 975 606 1073 pili.
630 976 696 1047 Sed
715 976 1007 1072 quadrupedibus⁷
1027 980 1062 1048 iu
1079 983 1251 1076 superiore

184 1096 312 1153 tautum
339 1108 438 1181 gena,
464 1082 656 1154 volucribus
678 1085 712 1152 in
732 1082 917 1152 inferiore:
944 1098 978 1154 et
1003 1083 1123 1180 quibus
1149 1088 1249 1160 molle

182 1204 296 1284 tergus
306 1244 315 1277 ‚
326 1204 365 1260 ut
378 1191 586 1286 serpentibus
597 1215 605 1259 :
617 1205 652 1259 et
661 1187 914 1285 quadrupedum
926 1215 1000 1285 quae
1015 1214 1079 1261 ova
1097 1196 1248 1288 pariunt,

183 1309 221 1364 ut
230 1294 367 1367 lacertae.
378 1282 696 1369 Stmthiocamelus⁸
711 1293 827 1366 alitum
837 1295 926 1385 sola,
949 1311 987 1367 ut
1002 1298 1122 1386 homo,
1136 1305 1249 1371 utrim-

180 1427 248 1495 que
261 1400 434 1498 palpebras
448 1402 558 1472 babet.

236 1512 344 1579 LVII.
365 1512 437 1579 Nec
451 1535 543 1604 genae
565 1506 698 1604 quidem
716 1506 871 1578 omnibus
898 1533 906 1576 :
927 1509 1002 1579 ideo
1020 1537 1128 1606 nepte
1144 1515 1246 1583 nicta·
1267 1543 1280 1580 ι

181 1617 289 1686 tiones
310 1617 371 1705 iis,
400 1640 473 1711 quae
493 1614 614 1685 animal
632 1612 824 1710 generant¹.
843 1616 1022 1687 Graviores
1041 1617 1175 1688 alitum²
1193 1621 1247 1689 in·

182 1824 694 1908 PalpebrarporroJPlininaquumgeoaa
735 1849 771 1902 pe
784 1831 971 1892 mamistrie.
988 1836 1070 1890 modo
1091 1850 1149 1891 oete
1174 1857 1248 1894 amo·

182 1928 274 1979 vocat,
289 1915 410 1988 requitur
425 1927 557 1967 vetustum
572 1933 692 1980 morem,
736 1927 818 1976 veae,
834 1911 894 1965 cilia
906 1932 915 1967 ι
928 1913 1012 1968 immo
1030 1917 1121 1970 arium
1139 1919 1248 1990 quibua·

181 1999 257 2068 cujus
284 1996 377 2048 Fertne
403 1993 549 2048 meminit:
577 2021 589 2042 .
605 1993 693 2046 Geoaa
736 1988 798 2041 dam
823 1992 956 2064 palpebra
980 2013 1088 2066 quoque
1117 1998 1184 2050 ciliis
1204 2000 1248 2052 in·

181 2076 284 2129 Ennius
291 2073 430 2146 palpebras
438 2084 620 2145 putat,quum
627 2071 694 2126 dicit
735 2079 860 2136 structu,
882 2089 948 2142 quaa
965 2075 1061 2129 melina
1072 2075 1175 2148 plumas
1186 2079 1248 2132 bar·

181 2156 235 2208 boc
249 2171 343 2208 amau:
358 2152 469 2206 Pandite
483 2153 554 2206 sulti·
568 2171 647 2224 genae
667 2165 693 2206 et
735 2146 810 2201 batas
823 2151 950 2208 arbitrere
962 2171 1043 2224 quam
1058 2154 1126 2210 cilia.
1138 2160 1185 2210 Ar.

180 2234 263 2288 oorrle
271 2233 413 2306 relinquite
421 2250 569 2286 romanam·
580 2231 635 2285 Atii
651 2249 694 2285 eat
778 2229 806 2282 ⁸.
823 2227 1065 2287 Strutlu'ocatnelur...
1086 2237 1147 2289 sola.
1164 2238 1248 2294 Arist.

183 2327 271 2384 parter
279 2325 374 2386 putant
384 2330 464 2384 genae
473 2311 543 2375 dici,
559 2329 618 2384 qun
630 2323 693 2365 aunt
735 2305 787 2360 loc.
800 2307 847 2360 cit.
858 2309 952 2363 cilium
965 2329 1019 2366 eane
1031 2315 1173 2369 aaruthioui
1184 2319 1248 2372 acri·

182 2393 234 2446 aab
255 2392 348 2446 oralia.
368 2391 501 2446 Pacuvius
519 2410 598 2463 genas
617 2403 693 2463 putat
735 2386 792 2439 bit:
805 2388 909 2442 inferne
916 2402 1035 2460 tantum,
1046 2407 1247 2468 anetauperue,

180 2491 253 2535 erae,
272 2490 325 2545 qua
346 2470 429 2527 barba
448 2471 567 2544 primum
589 2471 691 2534 oritur,
734 2483 791 2518 non
811 2468 979 2523 alavarum
994 2491 1078 2544 quum
1093 2474 1246 2532 volucribue

182 2552 234 2607 boo
250 2571 330 2607 versu
349 2572 356 2606 :
373 2552 451 2605 Nunc
465 2553 583 2623 primum
600 2561 693 2624 opacat
736 2561 791 2598 ease
806 2547 868 2600 cilia
879 2563 982 2605 oonatet
996 2552 1025 2604 in
1037 2553 1165 2610 interiore
1178 2575 1246 2627 gena

182 2629 248 2686 flore
261 2633 359 2703 lanugo
372 2649 482 2703 genae.»
501 2631 592 2685 Haao.
736 2643 783 2678 aeu
805 2626 954 2699 palpebra:
977 2633 1155 2687 struthionem
1181 2655 1247 2692 vero

224 2711 251 2767 5.
274 2712 451 2783 Desinemus.
472 2711 553 2764 Arist.
578 2727 636 2780 cap.
659 2715 694 2776 4,
736 2703 942 2779 quadrupedum
954 2713 996 2763 vel
1009 2729 1042 2765 ex
1058 2731 1088 2766 ea
1106 2727 1182 2784 parte
1199 2736 1246 2770 ua·

180 2793 313 2862 problem.
340 2808 392 2862 19,
412 2809 471 2862 pag.
499 2789 553 2859 705
574 2807 581 2843 :
600 2784 647 2843 na
667 2789 692 2844 τί
736 2797 825 2837 turam
838 2787 938 2842 reterre
951 2788 1024 2844 idem
1037 2790 1132 2848 doceat
1144 2795 1191 2849 lib.
1205 2798 1247 2850 tv

181 2871 246 2934 ὄοοις
261 2870 290 2923 ἂν
312 2867 456 2942 parantes<
478 2871 573 2942 lictor,
588 2869 693 2940 λάγνοις
736 2861 770 2917 de
783 2866 857 2919 Part.
873 2869 964 2923 Auim.
976 2889 1034 2942 cap.
1054 2881 1099 2940 14,
1110 2890 1138 2944 p.
1157 2880 1246 2940 1046,

184 2978 196 2999 ι
205 2951 261 3004 Cur
279 2952 375 3005 οιΙοοοο
394 2951 423 3004 1ιί
442 2965 519 3016 aunt,
532 2948 628 3022 quibua
642 2949 692 3020 pili
735 2943 810 3016 quod
825 2959 852 3000 et
866 2949 1004 3020 superiore
1019 2964 1095 3024 parte
1108 2953 1247 3026 palpebrae

180 3030 372 3103 palpebrarum
393 3027 538 3085 tleflonuti
553 3056 565 3078 ι
588 3028 692 3083 Locum
735 3037 825 3095 gerat,
838 3026 988 3100 βλεφαρίδας
1006 3032 1056 3099 ἔχοι
1076 3031 1122 3095 τὰς
1142 3035 1246 3100 ἄνοσον,

181 3109 253 3164 vide.
276 3111 308 3164 Id
328 3111 426 3165 iterum
453 3109 551 3181 repetit
575 3109 622 3161 lib.
650 3109 693 3162 111
736 3103 805 3156 nihil
824 3124 838 3157 a
859 3105 946 3161 Plinio
964 3122 1064 3163 temere
1084 3112 1246 3168 affirmatum

181 3189 251 3244 Hiar,
266 3191 354 3244 Anim,
377 3209 437 3261 cap,
462 3209 511 3252 χο,
527 3207 554 3260 p.
572 3187 647 3252 348,
662 3205 692 3242 ac
736 3195 862 3239 autumo:
873 3188 1019 3242 ntPinetut
1028 3191 1246 3262 poatPintianum

182 3269 282 3324 Pliniua
297 3270 372 3342 ipae,
395 3287 418 3322 ο.
437 3274 483 3338 94.
497 3267 593 3321 Melina
609 3265 693 3320 dixit·
735 3263 846 3317 oenauit.
869 3267 960 3321 Ηιιιι.
978 3300 1019 3312 -
1034 3269 1246 3328 Struthiocametus

90 3409 92 3416 ¹
179 3363 238 3414 aet,
253 3344 298 3402 laia
323 3349 348 3402 τί
372 3347 423 3402 ὅσοι
442 3347 527 3419 λόγιοι
552 3349 691 3418 reputant,
735 3344 894 3398 alitumsolu.
908 3348 980 3401 Bene
996 3367 1005 3401 ε
1024 3369 1087 3404 nam
1101 3366 1245 3408 notaatru·

180 3431 276 3490 τούτοις
286 3431 311 3482 αἱ
324 3424 468 3499 βλεφαρίδις
477 3429 557 3499 §louet
564 3447 572 3493 ;
587 3429 631 3480 At.
735 3422 894 3478 lbioctmelc
906 3427 1034 3499 palpebra
1047 3432 1162 3502 gemina.
1176 3437 1224 3488 Ar.

222 3513 249 3562 6.
262 3508 413 3562 Eecoeteris.
427 3505 691 3564 Eceteriaanimm·
774 3503 863 3557 LVII.
888 3521 913 3559 1.
933 3507 993 3561 Ideo
1008 3507 1082 3583 moue
1104 3516 1245 3568 nictatione

181 3589 251 3652 tibus
266 3589 359 3641 cilium
376 3587 474 3642 habent
489 3587 624 3660 palpebris
645 3585 691 3641 ad·
735 3587 780 3649 r't'r,
795 3603 850 3654 quoe
870 3588 962 3640 minat
981 3605 1107 3659 generant.
1130 3591 1169 3647 Ut
1191 3613 1245 3649 vea-

178 3670 305 3740 junctam
314 3669 413 3733 omnia,
422 3686 480 3740 quar
488 3666 557 3740 pilos
567 3665 692 3720 obtinent
733 3663 897 3736 pertiliouea.
914 3667 1006 3723 Haao.

180 3749 284 3820 reliquo
305 3749 333 3800 in
348 3765 479 3819 corpore:
496 3742 645 3818 βλεφαρίδας
663 3741 690 3798 δ’
777 3763 803 3798 a.
818 3743 947 3798 Graviores
957 3748 1050 3803 alitum.
1061 3753 1141 3806 Arist.
1158 3755 1204 3806 lib.
1217 3754 1245 3808 11

181 3827 221 3880 tet
241 3835 289 3881 τῶν
307 3829 429 3898 βλιοάριιι
449 3829 515 3896 Ιχιι,
534 3828 582 3880 iot
604 3825 689 3896 τρίχας
733 3823 801 3878 Hiar.
818 3825 911 3879 Anim.
926 3845 983 3900 cap.
1000 3836 1049 3897 15,
1061 3851 1121 3903 pag.
1137 3849 1201 3896 att,
1217 3845 1246 3887 et

180 3909 240 3975 ι’χιι.
254 3907 332 3961 Arist.
347 3907 394 3959 lib.
408 3908 436 3960 Π
454 3905 488 3961 de
506 3906 578 3960 Part.
594 3906 688 3959 Anim-
734 3904 781 3957 lib.
792 3903 822 3955 Π
835 3903 869 3958 tle
880 3905 981 3963 Partib.
993 3927 1051 3983 cap.
1066 3913 1111 3970 13,
1128 3929 1157 3982 p.
1170 3912 1243 3982 993:

179 4005 239 4057 cap.
256 3994 303 4050 ιο,
316 4005 376 4058 pag.
394 3995 460 4059 994.
476 3989 565 4040 Ηιιιιι.
733 3986 832 4038 Mirum
854 3981 881 4037 δ’
896 3987 917 4040 ol
939 3989 1021 4062 βαρεῖς
1043 3998 1078 4062 τῷ
1096 3991 1165 4043 κάτω
1188 3993 1245 4057 βλι-

221 4084 249 4135 7.
258 4063 309 4118 Sed
319 4065 594 4138 qitadrupedibns.Malc
603 4065 690 4119 rimiae
733 4067 811 4137 οοὶρῳ.
824 4063 858 4118 td
872 4079 959 4122 tamen
975 4082 1001 4123 et
1012 4071 1040 4122 in
1054 4069 1111 4124 aliia
1121 4071 1245 4125 ubter-va·

179 4145 277 4215 excipit
291 4145 454 4202 Harduinue.
464 4147 597 4200 Omnibus
608 4147 688 4217 quip·
734 4159 800 4200 tum.
816 4147 908 4198 Haau.
