3200 5159
367 495 417 565 60
646 502 684 569 c.
706 485 1000 570 enutrimur.
1028 501 1154 568 ulsr.

368 643 480 698 mento
506 644 598 699 vates
614 620 846 726 respondere⁵‚
864 635 1059 728 Neptunum
1083 644 1212 726 patrem
1237 613 1436 725 adoptante⁶

368 748 439 805 tum
467 733 545 805 sihi⁷
566 737 641 805 Ser.
675 741 853 834 Pompeio,
884 724 1109 825 (tuntalerat
1140 733 1265 805 navalis
1291 737 1339 804 rei
1365 732 1436 828 glo·

405 940 430 993 5.
442 949 515 995 Vates
525 948 683 1013 respondere,
694 951 832 1014 Neptunum
836 967 881 1015 pn·
924 947 1009 1001 elatee
1027 947 1112 1000 rietur
1128 962 1209 1002 nanee
1228 942 1360 1017 perdidit,
1381 942 1436 994 Ali·

370 1036 450 1088 enm,
471 1036 522 1077 etc.
548 1026 739 1097 Interpolatum
759 1027 788 1079 t.
808 1028 826 1080 l.
848 1028 881 1088 ab
924 1024 1033 1102 qnando
1055 1037 1085 1078 ut
1107 1024 1215 1090 vincat,
1239 1022 1307 1076 ludit
1326 1020 1436 1075 assidue

370 1100 516 1156 editoribus
528 1122 561 1157 eo
572 1104 671 1159 modo:
687 1106 790 1159 «Vates
805 1127 883 1177 spon·
924 1106 1034 1158 aleam.»
1050 1105 1146 1157 Rutum
1165 1103 1246 1157 suinae
1260 1101 1435 1155 nihilominus

372 1181 449 1244 dere,
464 1182 617 1255 Neptunum
627 1196 743 1256 patr-em,
757 1185 881 1257 adoptato
924 1183 991 1245 illud
1004 1178 1095 1237 ratum
1106 1202 1183 1235 omen
1191 1223 1198 1248 ,
1207 1181 1253 1235 sed
1263 1200 1317 1233 non
1328 1181 1356 1233 in
1364 1181 1436 1233 bello

372 1262 510 1328 tnmeibi,
525 1275 599 1317 ete·
613 1264 666 1318 lide
681 1264 802 1318 codicum
817 1267 894 1337 lleg..
924 1263 1030 1324 Siculo,
1059 1273 1188 1315 tentantur
1213 1260 1295 1331 ipsine
1323 1259 1436 1332 Augusti

375 1358 399 1403 r,
411 1360 442 1404 a,
455 1341 529 1395 coln.
546 1361 571 1409 r,
582 1363 613 1405 a,
626 1344 707 1396 Paris.
723 1344 813 1399 chiffl.
831 1359 880 1397 vet.
924 1339 1043 1393 nummi:
1054 1340 1081 1391 in
1088 1339 1186 1410 quibua
1192 1338 1307 1410 Neptuni
1315 1355 1436 1409 expressa

371 1418 462 1472 Dalec.
470 1421 651 1493 aliorumque,
662 1441 710 1476 eno
719 1424 799 1475 nitori
808 1424 882 1477 resti·
925 1418 1042 1490 effigies,
1054 1418 1100 1491 qui
1112 1417 1218 1471 ainiatra
1237 1416 1379 1470 tridentem
1397 1428 1435 1470 te·

371 1498 484 1563 tuimua,
498 1502 580 1555 secuti
592 1502 671 1554 etium
684 1501 758 1555 Pint.
768 1504 880 1557 Senium
925 1510 1004 1561 neat,
1017 1495 1110 1550 dextra
1126 1497 1241 1568 palmam
1251 1496 1383 1567 porrigat,
1393 1513 1436 1547 or·

371 1576 455 1630 Sicuti
476 1579 576 1649 piscia,
600 1580 704 1651 inquit,
721 1582 803 1635 marie
826 1582 882 1634 alm.
925 1578 986 1629 bem
994 1575 1063 1648 pede
1072 1576 1167 1629 dextro
1176 1587 1369 1648 premat,cum
1382 1573 1436 1644 epi·

372 1672 451 1709 mnus
463 1676 494 1710 ac
507 1671 613 1729 partna,
628 1658 663 1711 nd
678 1660 787 1732 Augusti
804 1660 883 1731 pedes
925 1656 1149 1727 graphe,umua
1160 1674 1254 1709 omre.
1266 1654 1436 1726 elliqneenm

372 1735 521 1789 exsilierat:
540 1739 576 1789 ita
589 1749 614 1790 et
626 1739 698 1792 Sext.
709 1740 882 1811 Pompeium,
927 1735 1046 1805 twphoeo
1054 1735 1150 1787 navali·
1162 1734 1252 1786 llum·
1263 1764 1299 1773 -
1309 1733 1435 1785 Homllut

371 1814 418 1885 qui
440 1828 544 1886 propter
566 1816 696 1887 insignem
716 1818 755 1871 rei
781 1817 883 1871 navalia
926 1830 1033 1884 quoque
1045 1813 1078 1867 ad
1092 1831 1239 1883 cognomen
1252 1811 1371 1882 respicii,
1384 1811 1434 1881 ΕΡ·

371 1894 480 1965 gloriam
489 1895 641 1967 Neptunum
650 1910 750 1969 patrem
760 1899 811 1953 eibi
820 1911 883 1953 tnnc
926 1892 977 1956 lx·
984 1910 1035 1945 W·
1044 1895 1092 1963 72⁸
1102 1890 1436 1962 ²·Tefflfflaflqutvlcffli

371 1990 487 2026 asserere
512 1973 670 2040 videbatur,
697 1978 748 2029 ,ub
771 1976 884 2049 pedibu,
927 1982 957 2022 nt
970 1971 1119 2041 Neptunius
1130 1971 1272 2041 Duxlugit
1290 1970 1438 2026 natisnati-

371 2055 427 2123 ejue
447 2071 507 2105 mox
529 2053 668 2121 futurum,
688 2066 759 2109 natea
773 2074 883 2127 respon·
927 2049 987 2103 bnt·
997 2074 1007 2095 ³
1019 2052 1064 2103 AJ-

372 2130 477 2186 derunt,
492 2131 517 2183 H
520 2150 584 2187 nnn,
963 2148 989 2199 7.
1002 2135 1061 2179 Tum
1070 2132 1123 2180 sibi.
1135 2128 1193 2182 Non
1203 2128 1292 2183 Siculo
1297 2129 1379 2194 bello,
1389 2128 1437 2183 aed

408 2212 433 2262 6.
440 2214 711 2285 MommNeptuni
718 2226 790 2267 certe
797 2214 882 2267 fllium
926 2220 1017 2281 postea
1032 2220 1119 2260 ratum
1137 2208 1217 2262 tuisse
1236 2226 1315 2261 omen
1333 2226 1364 2261 ex
1383 2210 1437 2261 An·

373 2287 501 2359 appellari
518 2308 547 2342 ee
563 2290 624 2345 Sex.
644 2292 785 2365 Pompeius
804 2294 883 2346 emti.
926 2287 996 2355 gusti
1005 2287 1120 2339 nummio
1131 2286 1167 2339 ad
1175 2306 1232 2339 rem
1241 2285 1356 2339 ostendit
1370 2287 1437 2340 llar-

373 2366 450 2427 nnit,
464 2380 591 2440 tanquam
609 2371 759 2443 nNeptuno
773 2372 883 2443 adopta·
926 2364 1038 2432 duinus,
1049 2367 1077 2419 in
1090 2366 1186 2437 quibua
1193 2365 1311 2437 Neptuni
1319 2365 1438 2437 efligies,

373 2456 416 2497 tua
444 2446 559 2513 scilicet,
582 2452 752 2521 etennetpnoe
775 2453 824 2521 ἄρα
847 2458 882 2521 τῷ
926 2445 1023 2497 inaliia
1036 2445 1129 2500 navale
1142 2444 1298 2516 tropheum.
1314 2445 1394 2497 llnzz.

373 2522 517 2587 Ποσειδῶνι,
538 2526 625 2598 inquit
650 2528 800 2599 Appianum,
818 2529 883 2581 Bell.
963 2525 987 2577 8.
999 2527 1196 2594 Pompeiorum.
1206 2526 1258 2578 llio
1268 2528 1378 2578 liemon.
1391 2523 1438 2577 sed

373 2602 453 2657 civit.
468 2604 515 2657 lib.
529 2606 569 2672 V,
586 2626 646 2679 pag.
661 2626 722 2677 7²9·
736 2608 828 2672 Quum
847 2609 884 2660 vi·
927 2604 1012 2657 fusior
1028 2624 1110 2677 quam
1122 2623 1170 2657 noe
1182 2604 1310 2659 sinimuet
1333 2604 1438 2657 Primus

373 2693 431 2733 etue
442 2682 542 2736 seilicet
551 2685 680 2739 Octavius
696 2687 785 2739 Cesar
794 2686 883 2739 navali
926 2702 1023 2738 noram
1035 2684 1141 2738 induxit
1152 2686 1309 2756 scripturam
1324 2684 1438 2738 Pintian.

373 2760 482 2832 praelio,
496 2762 591 2816 Siciliae
603 2764 737 2837 potiundae
750 2784 822 2837 opem
837 2767 883 2818 ab·
927 2763 1071 2817 Ediderant
1085 2764 1232 2817 anteillum
1251 2763 1409 2837 typographi
1428 2782 1436 2817 :

372 2840 489 2913 jecisset,
502 2842 619 2914 Neptuni
634 2844 717 2897 lilium
729 2846 789 2899 Sex.
805 2845 884 2897 Pom·
927 2868 940 2888 ·
950 2844 1012 2909 Quo
1028 2854 1184 2916 argumento
1195 2856 1266 2897 ntea
1279 2841 1438 2915 respondere

373 2919 450 2991 peius
467 2940 495 2975 se
512 2940 567 2975 ense
583 2922 712 2990 eredidit,
732 2925 781 2976 Καὶ
799 2932 841 2977 τοῦ
856 2944 882 2977 τε
927 2928 1081 2994 Neptunum
1090 2924 1127 2990 pn
1141 2924 1301 2993 quibusdam
1312 2926 1380 2978 male
1389 2928 1439 2977 Ne·

374 2998 523 3061 Ποσειδῶνος
531 3004 579 3062 υἱὸς
592 3003 662 3063 ὅντως
676 3003 793 3056 ἐπίστευεν
810 2997 880 3054 εἶναι.
923 3004 1056 3071 ptunnum)
1075 3015 1178 3074 patrem
1195 3002 1363 3075 adoptantem
1376 3022 1437 3056 enm

374 3078 498 3133 Testatur
512 3081 563 3133 hoc
583 3082 662 3135 etiam
676 3100 800 3133 nummus
819 3082 886 3134 enti·
930 3083 1439 3155 eibiSextoPompeiorepudiato.Tanta

374 3176 458 3228 quun,
472 3159 500 3211 in
513 3178 567 3231 quo
579 3174 659 3233 enpnt
673 3162 746 3214 Sexti
767 3161 886 3231 Pompeii
930 3174 987 3216 erat
999 3163 1098 3214 navalia
1112 3163 1150 3215 rei
1170 3164 1251 3234 gloria
1266 3165 1316 3216 nub
1326 3162 1438 3233 pedibus

373 3235 476 3290 nudum
489 3239 617 3310 pingitur,
634 3259 697 3293 cum
716 3239 844 3311 delphino
860 3252 887 3293 et
930 3243 1039 3295 Caeeerie
1050 3242 1152 3295 lntnroe
1161 3280 1169 3306 ,
1179 3244 1438 3313 quimariatempore

374 3316 505 3369 tridente:
519 3319 680 3391 epigraphe,
690 3337 825 3381 numani,
835 3319 887 3371 hoe
930 3321 977 3373 illo
995 3332 1121 3373 tenerent.
1135 3346 1146 3366 ι
1168 3322 1217 3375 Ille
1230 3323 1266 3373 ob
1283 3321 1439 3393 impeditum

373 3408 426 3461 eet,
440 3402 589 3464 Neptunius,
604 3400 639 3450 ob
649 3399 771 3472 peritiam
785 3399 825 3450 rei
839 3418 884 3451 na·
930 3418 1051 3466 semum,
1065 3400 1100 3453 ad
1110 3402 1196 3453 Tolet.
1212 3408 1301 3472 a'pogr.
1313 3400 1420 3453 aeoeaeit
1430 3438 1437 3462 ,

373 3474 441 3528 valio
453 3494 460 3529 :
475 3477 701 3549 quemadmodum
716 3490 806 3551 postea
818 3478 883 3530 Dio·
928 3478 974 3529 ubi
984 3492 1045 3542 tuin,
1055 3498 1109 3531 non
1120 3500 1192 3543 eum,
1204 3484 1347 3548 repudium
1366 3477 1439 3532 ideo·

373 3553 499 3609 cletianue
529 3574 544 3609 a
567 3557 709 3628 prudentia
741 3561 840 3620 levius,
869 3576 883 3610 a
927 3574 979 3627 qne
988 3558 1037 3628 leg.
1051 3560 1178 3629 conjecit:
1195 3560 1275 3623 «Quo
1284 3568 1439 3629 argumento

373 3632 529 3687 fortitudine
541 3636 633 3689 bellica
641 3636 817 3689 Maximianus
825 3642 885 3688 Her·
928 3649 1001 3689 vates
1019 3637 1197 3708 respondere,
1215 3639 1367 3708 Neptunum
1389 3656 1439 3708 pa·

374 3714 451 3763 eutius
481 3726 520 3766 eat
545 3714 753 3785 cognominatus.
780 3716 885 3782 Porro,
928 3730 995 3769 trem
1004 3715 1211 3787 adoptantetnm
1219 3717 1267 3785 eibi
1275 3715 1441 3770 SextoPom·

373 3802 404 3843 nt
421 3789 450 3843 id
469 3792 555 3845 obiter
573 3792 693 3847 dicamne
702 3830 710 3858 ,
733 3795 760 3846 in
780 3794 885 3848 cladem
929 3796 1007 3867 poio,
1022 3808 1094 3849 tanta
1108 3808 1163 3849 eret
1179 3797 1280 3850 navalis
1291 3795 1330 3848 rei
1344 3795 1441 3866 gloria,

373 3870 443 3923 hanc
469 3872 593 3943 Augusti,
619 3872 782 3945 ludendique
807 3874 885 3927 siuml
929 3874 979 3927 sub
996 3874 1107 3945 pedibus
1128 3876 1238 3929 Caesarie
1251 3876 1374 3937 futuros,
1394 3875 1441 3945 qni

374 3949 510 4004 libidinem
534 3964 617 4006 exstat
640 3965 680 4007 eat
705 3954 811 4025 elegnne
832 3955 886 4026 epi·
929 3955 1013 4007 maria
1025 3967 1143 4027 tempore
1156 3955 1202 4007 illo
1217 3966 1345 4008 tenerent.
1358 3980 1371 4000 ι
1385 3954 1440 4006 Ve-

374 4048 511 4101 gramma,
537 4032 607 4085 inter
626 4044 718 4085 caetere
740 4052 754 4084 a
785 4033 885 4086 Pithoeo
930 4053 988 4087 rum
1007 4035 1090 4087 nostri
1109 4033 1230 4099 codices,
1249 4035 1365 4106 itemque
1377 4035 1439 4085 Am·

374 4109 500 4177 collecta,
514 4128 572 4182 pag.
586 4112 619 4181 78
635 4130 642 4164 :
658 4138 670 4157 υ
682 4112 826 4183 Postquam
842 4113 883 4164 bis
929 4113 1045 4167 brosieni
1055 4113 1217 4167 vocabulum
1227 4117 1353 4182 repudiato
1363 4130 1441 4183 agno·
