3200 5159
554 502 712 569 LIBER
738 502 807 570 tx.
1164 504 1212 577 83

126 646 289 725 apparet.
303 630 449 700 Mullum
468 633 688 726 exspirantem
695 618 719 655 ¹⁵
733 631 923 701 versicolori
939 632 1080 726 quadam
1100 648 1132 702 et
1146 661 1210 703 nu·
1229 652 1244 701 3

129 762 271 807 merosa
288 739 448 807 varietate
464 740 620 831 spectari,
637 762 793 833 proceres
815 736 898 831 gulas
916 754 1068 825 narrant,
1089 742 1211 809 ruben·

130 844 223 912 tium
243 868 457 938 squamarum
474 843 649 939 multiplici
671 846 853 913 mutatione
873 842 1124 937 pallescentem,
1146 851 1210 916 uti·

132 973 204 1042 que
219 953 246 1018 si
265 953 351 1019 vitro
366 964 534 1045 spectetur
546 949 701 1020 inclusus.
721 952 768 1017 M.
791 951 925 1044 Apicius
945 950 988 1019 ad
1001 977 1100 1021 omne
1114 952 1211 1022 luxus

132 1058 312 1149 ingenium
329 1042 472 1141 mirus¹⁶‚
491 1059 525 1124 in
538 1059 702 1125 sociorum
722 1054 835 1152 garo¹⁷
847 1044 939 1148 (nam
952 1081 991 1124 eo
1007 1082 1140 1152 quoque
1155 1085 1208 1127 res

134 1184 330 1255 cognomen
347 1153 493 1251 invenit)
506 1166 618 1231 necari
638 1188 695 1231 eos
713 1160 904 1257 precellens
918 1166 1047 1256 putavit
1058 1151 1092 1247 ¹⁸,
1107 1178 1207 1259 atque

136 1292 157 1335 e
170 1268 290 1359 jecore
297 1267 321 1307 ¹⁹
329 1292 445 1339 eorum
455 1267 580 1337 alecem
589 1267 615 1293 ²⁰
628 1270 817 1363 excogitare
835 1271 1050 1363 provocavit:
1066 1270 1099 1337 id
1118 1274 1206 1339 enim

135 1374 592 1469 estfaeiliusdixisse‚quam
605 1377 679 1469 quis
695 1377 823 1443 vicerit.
1031 1458 1033 1463 Δ

192 1484 325 1549 XXXI.
340 1482 474 1551 Asinius
492 1480 605 1549 Celer¹
623 1508 649 1563 ¹e
666 1479 912 1565 consularibus,
933 1482 998 1549 hoc
1022 1484 1109 1576 pisce
1131 1510 1204 1576 pro·
1230 1504 1240 1537 ¹

136 1655 264 1713 σκύλως
273 1653 408 1724 τρομίοντι.
419 1650 553 1714 medens,
567 1652 614 1704 lib.
626 1652 650 1717 I,
739 1653 783 1703 18.
797 1651 889 1703 Necuri
902 1672 941 1703 eos
952 1654 1094 1723 precellens
1103 1660 1207 1725 putavit.

136 1751 202 1803 oep.
218 1739 265 1794 ²4.
282 1734 382 1785 Dsnsc.
693 1730 856 1803 Hippolytus
866 1730 1013 1797 salvianus,
1030 1732 1077 1785 lib.
1090 1734 1124 1787 de
1138 1732 1206 1789 illst.

184 1810 229 1865 15.
240 1810 344 1877 Mullum
356 1813 524 1880 exspirantem,
537 1822 588 1863 etc.
600 1810 649 1861 Se·
694 1809 814 1882 Aquatil.
830 1810 877 1863 fol.
903 1812 969 1873 238,
985 1831 1017 1863 ex
1030 1812 1129 1885 ingenii
1140 1833 1205 1866 con·

137 1910 217 1955 nem,
233 1893 333 1957 Quaest.
348 1889 442 1943 Natnr.
451 1889 498 1941 lib.
508 1890 558 1951 111,
568 1891 649 1943 c.r8.
690 1891 791 1960 jectura
812 1890 961 1961 suspicatur
985 1890 1037 1962 legi
1066 1906 1203 1962 oportere,

138 1972 211 2023 Dar..
224 2000 265 2011 -·
277 1970 381 2022 Multum
392 1968 611 2039 exspirantem.Sic
621 1986 650 2021 se
692 1973 779 2021 siccari
797 1990 836 2021 eos
851 1972 1032 2039 praecellenter:
1053 1991 1147 2023 verum
1160 1993 1203 2026 re·

136 2051 215 2103 locus
228 2050 274 2101 ille
286 2050 386 2103 habes:
407 2074 419 2093 ι
432 2048 529 2102 Parnm
543 2046 650 2103 ridetur
692 2062 796 2119 ceptam
809 2049 951 2101 lectionem
962 2068 1016 2101 non
1027 2050 1131 2103 codices
1145 2071 1201 2104 mo·

137 2149 234 2183 recens
245 2130 351 2194 mullus,
363 2126 473 2199 nisiqui
486 2127 514 2178 in
530 2127 650 2179 conrirae
692 2126 729 2181 do
749 2128 927 2192 confirmant,
948 2128 994 2181 sed
1013 2128 1086 2201 quod
1104 2132 1201 2185 certius

137 2229 222 2263 manu
238 2210 359 2267 sumitur.¹
374 2207 472 2259 Vitreis
482 2205 541 2258 ollis
555 2206 650 2259 inclusi
693 2220 748 2267 est,
760 2208 838 2261 etiam
852 2208 961 2272 Seneca,
974 2206 1007 2260 de
1017 2209 1105 2262 mullis
1114 2229 1201 2281 agens,

136 2290 307 2355 offeruntur,
323 2300 349 2340 et
365 2286 520 2339 observatur
533 2286 649 2338 morien·
693 2286 787 2339 Natus.
811 2288 909 2353 Quaest.
933 2287 1057 2351 litent,
1076 2307 1134 2360 cap.
1152 2288 1224 2361 ¹7·'

139 2370 207 2422 tium
220 2368 304 2432 color,
314 2386 395 2438 quem
409 2366 436 2417 in
452 2365 547 2419 multas
558 2377 648 2419 muta·
692 2385 750 2435 pag.
763 2368 816 2437 871
836 2386 842 2418 :
864 2392 875 2414 ι
889 2366 975 2431 Alios,
987 2368 1088 2443 inquit,
1105 2384 1202 2425 necant

138 2449 226 2501 tiones
236 2448 431 2503 morsluctsnte
437 2445 531 2515 spiritu
539 2444 650 2500 vertit».
691 2444 720 2496 in
732 2464 796 2517 garo
809 2459 836 2499 et
849 2444 979 2498 condiunt
992 2446 1074 2499 vivos.
1088 2448 1122 2501 Et
1135 2462 1199 2503 sunt

139 2528 175 2579 Et
187 2546 251 2601 cap.-
272 2530 327 2581 ¹8:
356 2521 456 2577 .Nihtl
476 2536 530 2588 est,
544 2524 648 2595 inquis,
691 2525 739 2595 qui
752 2524 853 2578 fabulas
867 2524 1091 2596 putent,piscem
1109 2528 1199 2581 virere

139 2608 225 2659 mullo
243 2607 391 2677 exspirante
413 2604 552 2657 formosius
570 2622 577 2656 :
592 2604 648 2675 ipsa
690 2622 765 2674 posse
773 2604 823 2660 sub
836 2616 933 2658 terra...
944 2604 1031 2671 Quem
1044 2604 1199 2663 incredibile

136 2686 324 2744 colluctatione
337 2687 450 2740 animam
459 2682 555 2755 agenti,
564 2683 647 2737 rubor
689 2682 742 2735 illis
752 2683 897 2747 rideretur,
908 2684 930 2737 si
942 2682 1161 2739 audirentnatare
1170 2687 1198 2738 in

138 2766 272 2837 primum,
288 2763 386 2821 deinde
410 2762 495 2836 pallor
515 2760 647 2816 suffundi·
688 2781 751 2833 garo
766 2763 887 2834 piscem:
902 2775 1021 2817 etcoene
1038 2783 1115 2817 causa
1128 2766 1199 2818 occi·

137 2859 183 2899 tor
202 2864 210 2898 z
228 2864 309 2917 quam
324 2862 398 2917 seque
409 2843 542 2907 variatur,
559 2854 585 2894 et
604 2843 646 2895 in·
689 2861 748 2896 sum
758 2861 813 2895 esse
826 2861 905 2915 snper
916 2861 1028 2909 coenam,
1039 2863 1123 2916 quum
1134 2846 1201 2897 mul·

138 2925 205 2979 certi
221 2925 293 2977 inter
308 2924 392 2977 vitam
407 2935 435 2975 et
450 2934 563 2975 mortem
573 2921 646 2975 colo·
689 2935 746 2975 tum
757 2922 784 2973 in
797 2920 899 2975 deliciis
909 2922 973 2985 tuit,
986 2936 1011 2974 et
1024 2924 1115 2977 oculos
1127 2937 1199 2989 ante,

137 3005 175 3059 ris
189 3017 242 3068 est,
257 3017 307 3056 etc.
321 3030 346 3056 ι.
366 3002 458 3057 Hsnn.
688 3020 768 3073 quam
776 3002 867 3072 gulam
880 3002 971 3075 pavit?
980 3028 990 3048 ι
1006 3002 1098 3055 Hrnn.

182 3088 227 3138 16.
240 3084 287 3136 Ad
298 3102 367 3135 emere
383 3083 453 3134 breui
468 3084 587 3152 ingenium
601 3083 647 3131 mr'·
733 3098 777 3149 19.
790 3080 816 3131 E
823 3084 911 3150 jecore.
922 3080 1200 3154 Mullijecurqnsnto·

139 3185 188 3217 nu.
206 3164 240 3218 In
256 3165 320 3233 fleg.
343 3180 370 3227 1,
384 3163 470 3230 majus.
488 3162 520 3213 In
534 3162 599 3231 neg.
621 3178 648 3225 a,
691 3179 753 3232 pere
766 3179 782 3212 s
794 3160 893 3230 gulosis
902 3160 937 3211 ob
949 3160 1109 3231 voluptatem
1121 3181 1199 3234 erpe-

139 3247 289 3315 r'ngeniorunr
310 3244 394 3311 majus.
415 3241 505 3306 Forte,
525 3240 561 3290 ad
580 3258 647 3289 omne
690 3251 802 3302 teretur,
815 3239 896 3291 refert
905 3238 1036 3303 Galenus,
1053 3239 1087 3293 de
1097 3241 1198 3296 Facult.

139 3324 211 3377 luxus
222 3326 435 3393 ingeniumratus:
444 3320 503 3384 rel,
514 3319 548 3371 ed
557 3338 648 3370 omnem
691 3319 773 3373 stim.
785 3319 833 3370 lib.
848 3319 906 3385 111,
920 3336 978 3389 cap.
990 3338 1037 3389 27,
1053 3339 1114 3392 pag.
1126 3321 1199 3391 371,

139 3405 222 3455 turem
232 3405 381 3472 ingeniorum
396 3403 480 3470 majus.
500 3400 591 3453 Hsnn.
608 3428 648 3441 -
691 3398 921 3451 tom.V1.Hsnn.
1240 3464 1244 3473 .

140 3486 252 3554 Apicios.
277 3479 418 3553 Prodigum
440 3481 496 3551 ejus
516 3477 648 3531 luxuriam
733 3496 775 3530 so.
791 3476 898 3529 Alecem.
918 3474 999 3543 Quod
1013 3481 1139 3549 γαριλαιον
1153 3500 1199 3551 np-

140 3564 242 3615 Seuem
254 3562 337 3615 refert
349 3560 460 3633 epistola
471 3577 506 3611 xv
517 3568 545 3611 et
553 3557 602 3609 lib.
614 3555 648 3611 de
692 3556 835 3629 pellebant.
860 3558 1024 3611 Describitur
1052 3558 1081 3610 id
1109 3578 1123 3611 a
1146 3560 1200 3613 Ga·

140 3642 326 3696 Consolatione
336 3639 370 3693 ad
384 3638 520 3703 Albinum
536 3636 606 3688 Dion
619 3636 649 3687 in
693 3636 754 3689 leno
770 3636 820 3689 loc.
844 3636 890 3689 cit.
907 3638 946 3689 De
962 3638 1033 3691 alecc
1046 3638 1139 3709 pluro,
1153 3640 1200 3693 lib.

139 3722 266 3787 Tiberio,
284 3718 373 3773 tthod.
398 3720 454 3784 tx,
474 3736 519 3773 ιι.
544 3716 652 3787 Apicios
694 3716 927 3787 Xffl‚cap.4l.
943 3716 1034 3769 Hisn.

141 3800 208 3855 duos
228 3801 309 3853 fnisse
329 3800 435 3852 luxuria
449 3797 563 3869 gulaque
581 3796 648 3848 inla-
731 3795 835 3847 XXXI.
855 3813 879 3847 1.
894 3797 995 3849 Asinius
1013 3796 1092 3851 Celer.
1108 3798 1203 3853 Extra·

141 3900 209 3945 mes,
221 3880 285 3935 ride
299 3875 372 3949 apud
384 3878 486 3931 Victor.
497 3878 546 3932 lib.
558 3874 650 3941 xv11,
693 3872 858 3929 ordinarium
892 3876 1000 3947 gessisse
1035 3877 1203 3930 consulatum

141 3980 199 4033 cap,
215 3964 243 4013 6.
255 3962 359 4013 Denso.
693 3966 799 4024 oportet
812 3974 818 4007 :
830 3973 883 4025 quo
900 3974 988 4019 anno,
1001 3957 1205 4031 incompertum.

184 4058 228 4110 ¹7·
238 4039 362 4093 Sociorum
366 4039 524 4107 garnDeeo
531 4034 650 4089 dicemus
695 4034 785 4087 Hisn.
797 4066 837 4077 --
847 4034 949 4089 Asinius
964 4036 1061 4091 Celere
1077 4036 1208 4087 consulari·

139 4120 329 4191 opportunius,
340 4118 389 4171 lib.
401 4117 508 4181 XXXI,
519 4134 543 4169 c.
560 4121 604 4181 44.
616 4113 648 4167 Η.
695 4114 749 4179 bus,
764 4127 815 4168 etr.
825 4114 896 4185 Lege
910 4136 916 4165 ι
934 4115 1035 4171 Asinius
1050 4115 1121 4168 Celer
1130 4136 1143 4166 e
1152 4134 1209 4167 cort·

1009 4220 1050 4291 6²
