3200 5159
312 504 385 591 ill}
581 503 621 571 C.
648 500 819 573 PLlNll
845 496 953 573 NAT.
983 488 1114 571 HIST.

306 638 369 707 diis
382 634 509 705 habent
525 619 709 703 sauoibus‘.
729 634 885 727 liquoris
904 632 961 701 hic
979 634 1109 702 minimi
1129 634 1227 701 estin
1242 632 1383 703 eandida

306 768 413 830 vena,
436 738 526 811 unde
553 742 718 836 pretiosus
740 738 795 809 ille
817 739 959 827 bibitur,
980 739 1139 835 nigrantis
1161 764 1245 809 rosae
1270 738 1383 809 colore

308 849 496 921 sublucens.
520 846 699 942 Reliquum
719 870 843 942 corpus
870 844 989 917 sterile.
1017 848 1121 916 Vivas
1141 845 1279 941 cepere⁹
1305 871 1384 916 con-

308 956 468 1039 tendunt,
487 955 564 1049 qnia
581 978 659 1025 oum
677 954 747 1023 vita
765 978 903 1023 succum
920 978 996 1025 eum
1019 967 1188 1023 evomunt.
1210 955 1256 1022 Et
1278 952 1382 1043 majo-

309 1064 401 1133 ribus
414 1061 547 1157 quidem
562 1061 719 1156 purpuris
731 1059 880 1129 detracta
898 1058 1029 1129 concha
1041 1058 1197 1130 auferunt
1213 1084 1220 1129 :
1237 1060 1383 1128 minores

310 1196 388 1241 cum
410 1183 496 1239 testo
517 1165 641 1237 vivas¹⁰
652 1166 832 1262 frangunt,
853 1168 899 1237 ita
921 1165 1057 1235 demum
1083 1190 1194 1237 rorem
1217 1190 1294 1235 eum
1325 1190 1384 1235 ex·

309 1290 477 1374 spuentes.

312 1428 396 1482 cocta
415 1421 480 1485 din,
503 1420 576 1475 virus
593 1436 650 1474 non
671 1435 728 1473 uno
747 1416 825 1473 duxit
868 1432 912 1475 tes.
927 1420 990 1491 Tyri
997 1423 1134 1492 praecipuus
1147 1420 1285 1474 tteAstoe:
1297 1422 1387 1475 r'nMe·

312 1508 409 1559 aheno
423 1527 434 1549 ι
451 1502 543 1554 llran.
868 1503 940 1571 ninge
953 1502 1064 1567 Africa,
1080 1512 1132 1555 ete.
1146 1501 1249 1553 Locum
1259 1500 1333 1555 bono
1346 1504 1385 1557 sio

353 1588 380 1639 8.
393 1584 424 1637 In
434 1582 517 1634 mediis
525 1576 826 1649 bobentsaucibus.1nter
869 1578 985 1633 editores
1005 1580 1220 1653 interpolarent:
1245 1606 1256 1629 ι
1277 1580 1385 1637 Minore

313 1682 432 1740 papaver
440 1673 467 1715 et
476 1662 616 1716 cervicem.
628 1660 710 1713 trist.
721 1662 825 1713 nmo.
869 1661 980 1731 trapetis
997 1661 1140 1731 frangunt,
1157 1660 1194 1713 ita
1210 1658 1319 1713 demum
1338 1680 1385 1715 ro·

313 1746 395 1799 -In
409 1742 493 1797 mediis
505 1739 719 1808 habemsaaer'bas.
732 1740 827 1811 Neque
869 1758 928 1793 rem
939 1758 1001 1794 eum
1016 1741 1176 1811 excipientes
1192 1728 1279 1815 Tyrii.
1290 1741 1386 1797 Praei-

313 1818 827 1894 exore,nequeafaucibusliqnorpnr·
870 1838 931 1891 pun
949 1819 995 1873 hie
1014 1819 1099 1886 Asin,
1118 1832 1192 1875 ete.»
1211 1822 1277 1893 Reg.
1303 1838 1328 1887 1,
1349 1843 1383 1887 a,

313 1924 414 1978 purens
429 1915 535 1961 manat,
551 1898 598 1953 sed
609 1918 624 1952 e
637 1898 739 1970 pallio,
755 1899 783 1951 h.
802 1916 826 1953 e.
871 1899 951 1953 Colb.
976 1920 1006 1966 ι,
1027 1920 1058 1959 a,
1079 1900 1161 1953 Paris.
1182 1900 1274 1955 chiffl.
1295 1903 1384 1958 Tolet.

313 1998 390 2057 parte
408 1980 594 2036 membranoaa
619 1996 700 2051 quam
724 1978 828 2033 ooncha
872 2001 883 2023 ι
899 1979 1018 2033 Minores
1047 1998 1110 2032 cuna
1130 1992 1202 2035 terre
1220 1981 1297 2045 vitis,
1322 2007 1333 2029 ι,
1357 1998 1385 2038 et

313 2066 389 2137 tegit.
407 2063 528 2117 Correo.
871 2076 934 2111 mox
944 2071 1095 2130 exspuentes:
1107 2060 1205 2131 quibus
1214 2078 1249 2113 ex
1259 2062 1385 2134 vestigiis,

359 2165 387 2215 9.
399 2144 476 2195 Vivat
491 2159 575 2212 cepere
588 2137 740 2190 metendum·
761 2136 828 2189 Ani·
872 2139 987 2192 maxime
1004 2157 1069 2192 vero
1086 2158 1120 2193 ex
1136 2140 1291 2205 Aristotele,
1305 2154 1385 2215 atque

269 2235 275 2250 '
316 2224 482 2277 madvertere
505 2221 534 2272 in
560 2232 713 2273 transcursu
735 2216 828 2279 lubet,
872 2236 904 2271 ex
925 2220 1025 2290 reipsa,
1046 2219 1137 2273 locum
1159 2220 1306 2291 integritati
1330 2240 1385 2276 suat

316 2303 445 2377 quamsit
467 2300 551 2354 futilis
569 2299 616 2351 illa
635 2296 764 2351 Samuelis
775 2298 829 2349 Bo-
871 2296 1058 2352 reddidimus:
1075 2303 1282 2371 sequentemque
1296 2302 1385 2372 perio·

315 2384 401 2438 oborti
414 2384 580 2453 conjectura,
596 2396 658 2449 pag.
673 2397 706 2442 a,
719 2374 754 2429 de
764 2377 830 2429 Ani-
853 2420 856 2428 .
871 2376 937 2431 dum
951 2378 988 2431 ita
998 2379 1079 2432 scribi
1092 2379 1243 2433 curavimus
1253 2392 1279 2433 et
1290 2380 1386 2434 distin·

315 2465 376 2517 mal.
389 2464 436 2517 lib.
451 2463 488 2527 V,
502 2478 562 2531 cap.
576 2478 611 2529 9,
622 2477 682 2529 pag.
699 2459 772 2526 726,
787 2458 829 2509 lo·
871 2459 926 2528 gni.
939 2458 1157 2531 Tpipmnlpnm,
1166 2472 1217 2513 etc.
1227 2460 1386 2533 Philosophi

315 2564 378 2598 curn
386 2544 459 2597 bunc
471 2542 509 2594 sie
519 2538 686 2593 emendantis
701 2553 709 2589 ε
723 2562 735 2583 ι
746 2536 830 2588 Vives
870 2539 1221 2605 verbasunt,loc.oit.'1“ite
1236 2541 1278 2609 pis
1291 2534 1329 2593 οὖν
1343 2562 1385 2614 pt·

314 2635 404 2696 neptas
416 2618 598 2676 contundunt.
613 2643 625 2665 ι
642 2619 683 2671 Εο
698 2615 828 2668 nimirum
871 2617 1011 2688 upliciter&
1025 2625 1073 2671 τῶν
1092 2620 1217 2690 ὀστράκων
1235 2622 1384 2676 κόπτουσιν·

314 2706 360 2759 ille
370 2711 527 2774 argumento
535 2694 735 2768 ducitnr‚quod
745 2695 828 2748 Arist.
872 2699 898 2750 nir
911 2697 959 2769 γὰρ
971 2694 1055 2771 ῥᾴδιον
1068 2700 1162 2771 &paleis
1174 2721 1181 2737 ·
1191 2706 1240 2753 τῶν
1256 2696 1285 2754 dl
1302 2704 1386 2772 μιιῑὸ-

315 2787 378 2838 loco
403 2781 526 2853 proxime
549 2777 647 2842 citato,
667 2795 727 2847 pag.
751 2775 829 2844 569,
870 2798 917 2831 νων
925 2780 1077 2857 4πιριιὶιοίιιις
1087 2782 1116 2833 τὸ
1126 2768 1244 2850 inspersis
1257 2782 1385 2852 ἀφαιροῦσι

315 2879 496 2936 purpurarum
528 2858 670 2911 infectores
697 2856 734 2909 ait
763 2854 829 2909 dare
871 2858 900 2911 el
915 2858 994 2920 ἄνθος.
1014 2885 1025 2907 ι
1038 2859 1157 2913 Minores
1170 2878 1232 2912 eum
1248 2860 1385 2915 testisauis

314 2961 435 3018 operam,
443 2953 474 2994 ut
483 2940 603 2992 viventes
611 2937 733 3008 frangant
741 2952 748 2987 ι
756 2954 828 2999 nam,
871 2936 1003 3005 tundunt,
1016 2940 1184 3010 nequeenim
1196 2939 1270 2993 facile
1280 2939 1330 2995 flos
1339 2960 1386 2995 au·

314 3026 336 3078 si
350 3023 505 3094 prinsquam
516 3016 639 3088 fregeris,
652 3015 828 3087 capitatim,
871 3016 955 3070 fertur
975 3036 983 3071 ε
1004 3031 1031 3071 at
1050 3019 1196 3089 majoribus
1215 3031 1280 3073 testa
1300 3022 1385 3074 exutis

314 3104 409 3157 florem
428 3100 508 3155 simul
526 3114 588 3151 eum
608 3096 662 3151 vita
687 3108 827 3148 evomunt.
870 3094 1384 3155 detrabunt-Nuncsenrumvenemur:

315 3186 420 3237 Verum
430 3179 459 3234 id
470 3176 648 3247 Philosophus
662 3194 718 3228 non
727 3173 761 3228 de
770 3175 830 3247 qui·
870 3176 1020 3248 MnJ'oribns
1035 3179 1178 3250 purpuria,
1200 3178 1303 3251 inquit,
1321 3199 1382 3234 sno·

314 3262 430 3319 buslibet
443 3258 571 3332 purpuris
582 3255 720 3329 prodidit,
734 3254 781 3309 aed
793 3254 828 3307 de
870 3274 932 3309 oum
945 3257 1073 3311 floremve
1084 3258 1161 3311 illum
1171 3260 1309 3321 auferunt,
1323 3278 1387 3313 oon·

314 3342 465 3398 minoribus
489 3336 642 3403 dumtaxat,
667 3334 702 3389 de
730 3336 829 3407 quibua
870 3336 1386 3408 obstestavepriuadetractatundehis

314 3444 378 3479 mox
393 3437 501 3493 quoque
518 3416 636 3481 Plinius,
656 3419 757 3468 minores
774 3435 828 3469 enm
868 3418 923 3487 jum
940 3418 1039 3471 neentis
1057 3415 1132 3470 illum
1154 3417 1231 3471 liceat
1248 3419 1383 3489 colligere.

315 3510 382 3558 testis
395 3504 527 3570 frangunt.
550 3497 628 3549 Nunc
647 3495 681 3549 de
702 3496 828 3549 omnibus
871 3495 990 3549 Minores
1003 3516 1067 3551 vero
1080 3516 1214 3570 purpuras
1226 3496 1385 3551 diversaru-

314 3586 344 3639 in
370 3581 538 3644 universum,
564 3576 637 3630 vivas
665 3575 828 3647 pronunciat
871 3576 960 3642 tione,
975 3576 1049 3631 vivas
1070 3596 1131 3630 cum
1146 3576 1220 3631 testis
1239 3578 1385 3649 lrnngnntt

314 3666 375 3736 capi
395 3673 519 3733 oportere
533 3676 541 3710 r
555 3674 605 3709 nec
625 3654 659 3708 de
678 3656 827 3726 majoribus
870 3673 901 3709 ea
925 3656 997 3709 enim
1018 3656 1043 3708 vi
1058 3675 1166 3710 succum
1186 3656 1228 3710 has
1244 3676 1321 3711 suum
1338 3676 1385 3711 ex·

314 3764 389 3817 nque
397 3780 406 3806 ,
415 3752 492 3811 atque
505 3735 540 3790 de
551 3736 699 3789 minoribus
713 3747 828 3789 statuen-
869 3750 979 3807 spuunt,
985 3749 1174 3809 evomuntque.
1182 3734 1261 3790 Nunc
1271 3755 1345 3803 vero,
1355 3749 1386 3791 ut

314 3824 390 3879 dum.
400 3821 491 3873 Hran.
503 3848 543 3860 -
552 3816 580 3866 V
578 3819 827 3885 ivoaeaperecontun·
872 3834 951 3886 supra
962 3816 1087 3870 lectorem
1105 3816 1277 3880 monuimus,
1294 3818 1384 3872 omnis

313 3907 383 3959 dunt.
402 3901 482 3953 Forte
503 3893 636 3949 scribend.
654 3897 724 3949 nitus
742 3907 827 3967 captas
871 3914 1054 3967 purpurarum
1063 3909 1197 3962 montom
1205 3909 1386 3969 propter-ope·

241 4019 245 4028 ,
313 3978 622 4038 mmortBoonaan.
635 3995 665 4047 p.
681 3978 749 4046 7²6.
871 3994 962 4029 rarum
987 3976 1170 4041 inscientiam,
1196 3988 1255 4030 tum
1274 3990 1386 4049 propter

358 4084 400 4119 10.
411 4060 519 4112 Minores
534 4052 588 4108 erne
602 4067 662 4107 testa
672 4059 742 4109 vim
752 4057 828 4122 sran·
872 4056 1020 4127 impensam
1040 4057 1242 4129 molestiamque
1270 4055 1384 4121 laboris,

311 4158 390 4217 praue,
403 4138 540 4195 nanuum
558 4154 634 4188 rorem
645 4155 697 4188 eum
711 4155 828 4206 mpuen·
872 4136 979 4206 penitnr
993 4136 1128 4189 exolevit:
1142 4136 1256 4191 maxime
1269 4154 1333 4189 vero
1347 4136 1384 4189 ob
