3200 5159
608 525 767 596 LIBER
791 528 837 594 X.
1179 551 1252 623 ²97

189 680 263 750 quae
277 652 521 726 tinnunculus²¹
536 670 686 726 vocatur.
705 656 865 727 Defendit
881 658 971 727 enim
985 655 1073 745 illas,
1088 672 1255 752 terretque

191 763 362 857 accipitres
375 759 515 832 naturali
538 763 702 857 potentia,
728 763 762 830 iu
783 777 913 833 tantum
935 778 973 832 ut
990 765 1100 832 visum
1120 788 1254 833 vocem·

189 891 255 961 que
276 867 346 961 ejus
366 867 504 962 fugiant.
518 871 590 939 Hac
605 867 647 938 de
660 893 760 938 causa
774 870 962 964 precipuus
979 868 1142 939 columbis
1159 893 1255 939 amor

189 997 307 1043 eorum
323 1003 331 1044 :
351 973 526 1068 feruntque
541 974 581 1064 ²²,
592 975 620 1044 si
636 976 671 1042 in
685 989 829 1069 quntuor
845 974 973 1069 ungulis
990 974 1201 1045 defodiantur
1220 977 1256 1044 in

190 1077 263 1149 ollis
301 1080 396 1149 novis
429 1077 558 1168 oblitis,
579 1104 648 1149 non
668 1094 796 1152 mutare
817 1081 929 1151 sedem
951 1079 1121 1152 columbas
1142 1076 1256 1176 (quod

190 1209 273 1254 auro
293 1181 425 1256 insectis
445 1182 571 1256 alarum
593 1185 741 1256 articulis
755 1188 913 1282 quaesiere
930 1186 1054 1282 aliqui,
1075 1213 1145 1257 non
1160 1186 1256 1257 aliter

189 1292 330 1370 innoxiis
347 1285 562 1382 vulneribus)
575 1316 582 1358 :
598 1290 779 1388 multivaga
795 1291 918 1387 alioqui
937 1316 1007 1362 ave.
1020 1296 1082 1362 Est
1096 1294 1184 1364 enim
1201 1318 1256 1362 ars

189 1395 253 1466 illis
269 1399 355 1466 inter
372 1422 407 1466 se
423 1396 565 1468 blandiri
586 1412 619 1469 et
635 1423 850 1494 corrumpere
868 1397 962 1487 alias,
978 1399 1134 1493 finitoque
1151 1401 1255 1469 comi·

190 1505 326 1574 tutiores
340 1505 471 1574 reverti.

244 1610 336 1678 Llll.
360 1610 451 1698 Quin
477 1623 511 1678 et
536 1609 769 1680 internunciae¹
802 1611 837 1678 in
865 1609 966 1680 rebus
986 1611 1113 1706 magnis
1142 1610 1256 1699 fuere,
1276 1639 1287 1674 ι

191 1714 345 1811 epistolas
364 1739 509 1788 annexas
528 1738 642 1786 carum
666 1715 806 1812 pedibus
825 1716 997 1788 obsidione
1018 1719 1201 1787 Mutinensi
1221 1719 1256 1786 in

191 1837 299 1894 castra
319 1821 492 1894 consulum
512 1823 652 1894 Decimo
675 1826 779 1894 Bruto
797 1820 983 1894 mittente².
1006 1824 1098 1914 Quid
1116 1822 1257 1908 vallum,

190 2079 274 2134 quum
283 2062 410 2134 fugissent
419 2061 553 2128 milvium,
564 2063 599 2115 Et
610 2061 701 2116 celeri·
744 2061 919 2127 nominatur,
948 2061 1104 2118 tinnuncoli·
1123 2062 1258 2116 mentione

191 2155 245 2196 tate
257 2160 353 2214 penne
367 2142 492 2196 vitassent
500 2159 599 2194 necem.
617 2167 628 2189 ι
645 2143 680 2196 tt.
745 2143 849 2195 omissa.
869 2141 990 2196 Curru.

235 2241 280 2275 nr.
291 2223 354 2293 Quoe
364 2221 525 2274 tinnunculus.
537 2219 703 2274 Gellicresse·
787 2240 834 2276 ss.
850 2221 996 2295 Feruntque.
1019 2221 1183 2280 Columella,
1209 2221 1256 2274 lib.

191 2302 249 2354 selle
263 2313 367 2356 vocant.
383 2303 424 2355 De
440 2319 471 2355 eu
491 2300 640 2365 Bellonius,
654 2299 701 2356 lib.
745 2301 833 2365 vm,
850 2319 911 2374 esp.
925 2303 957 2367 8,
977 2319 1037 2373 pag.
1062 2301 1133 2372 295,
1155 2302 1202 2354 nbi
1223 2300 1258 2354 de

190 2383 300 2452 II,cup.
313 2381 357 2434 23.
374 2381 507 2436 dGrascis
518 2376 702 2452 usmidudici
746 2380 879 2434 columbis
895 2399 904 2433 :
927 2403 939 2425 ι
950 2381 989 2434 ΕΔ
1009 2381 1075 2439 svis,
1089 2381 1191 2453 inquit,
1206 2392 1258 2434 tum

191 2459 300 2533 quidam
316 2474 459 2515 autument.
473 2459 508 2514 II.
527 2491 569 2502 -
595 2461 704 2514 Tinnun·
745 2457 879 2514 fastidiose
899 2473 951 2525 est,
974 2473 1004 2513 ut
1025 2479 1095 2534 sepe
1110 2459 1185 2515 sedes
1201 2479 1260 2514 snas

190 2541 266 2596 culus.
277 2539 404 2596 Cenchr-is
415 2552 532 2604 vocatur,
543 2540 588 2594 lili.
601 2539 703 2606 xx1x,
745 2557 854 2610 perosa,
870 2540 893 2594 si
906 2538 984 2592 detur
999 2539 1122 2594 evolandi
1132 2551 1260 2612 potestus,

191 2639 250 2692 cap.
277 2624 305 2675 6.
325 2623 426 2674 Dunsc.
438 2651 478 2665 -
497 2615 703 2673 ttnnmutee
745 2619 891 2690 relinqunt·
903 2652 930 2667 ··
954 2617 987 2672 Id
1006 2621 1117 2685 nefiut,
1130 2633 1208 2674 vetus
1221 2632 1260 2673 est

192 2700 340 2755 Columella
357 2700 445 2756 huusit
462 2699 560 2754 Noster
576 2700 649 2753 hunc
668 2711 703 2752 te·
746 2699 892 2752 Democriti
905 2712 1079 2771 preceptum.
1087 2701 1180 2754 Genus
1192 2700 1259 2753 aeci·

190 2779 273 2833 nendi
284 2781 354 2834 intra
359 2779 553 2835 columbarium
565 2779 703 2832 columbus
746 2778 824 2850 pirri·
837 2779 1024 2832 tinnunculum
1038 2793 1134 2833 vocent
1144 2780 1238 2832 rustici
1251 2799 1259 2832 :

191 2859 312 2914 modum.
324 2859 487 2932 Sedepenn
502 2877 551 2913 sno
564 2858 703 2932 explicatio
746 2858 803 2912 iere
825 2858 855 2912 in
875 2857 993 2912 edificiis
1007 2857 1087 2912 nidos
1103 2859 1174 2913 iacit.
1195 2861 1261 2932 Ejus

191 2958 251 3012 qne
265 2940 394 3011 sequitur,
404 2957 453 2994 nec
463 2939 704 3010 probabilis5nam
746 2937 814 3010 pulli
832 2937 928 3009 singuli
940 2937 1261 2992 fictilibnsollisccndun-

189 3019 246 3073 uvis
254 3018 395 3090 praedatrix
414 3019 540 3090 quislibet
557 3038 613 3072 non
627 3015 704 3072 uelde
747 3031 801 3081 tur,
812 3018 1262 3091 stipatisqueopercnlnsupponun·

191 3099 262 3153 bonu
275 3097 309 3152 sd
323 3098 498 3171 protegendus
508 3098 643 3152 columbus
654 3115 705 3151 un·
746 3109 814 3150 tur:
829 3111 857 3151 et
874 3115 960 3169 gypso
976 3098 1024 3150 lita
1039 3117 1102 3152 vuss
1117 3104 1146 3152 in
1156 3099 1262 3170 ungulis

192 3197 272 3250 quum
279 3178 363 3232 rideri
372 3191 470 3251 potest.
480 3179 629 3232 Columella
639 3195 705 3249 prse-
747 3176 904 3230 columbarii
915 3176 1113 3248 suspenduntur
1125 3197 1132 3231 :
1147 3196 1209 3250 quis
1218 3196 1262 3231 res

191 3255 312 3312 datorem
328 3259 366 3313 uit
377 3258 573 3323 tinnunculum,
584 3258 704 3311 solitum·
746 3257 840 3310 avibus
864 3275 984 3310 umorem
997 3257 1050 3310 loci
1069 3258 1107 3312 sic
1123 3257 1260 3321 conciliat,

192 3355 246 3410 que
270 3337 407 3392 nidificare
430 3338 459 3391 in
479 3336 606 3392 edificiis.
632 3337 704 3392 Gan
746 3355 780 3390 ne
795 3354 913 3407 unquam
921 3335 1073 3390 deserunt.»
1090 3339 1180 3392 Hunn.

191 3435 290 3471 nomen
300 3429 419 3488 usurpat,
429 3430 459 3471 ut
470 3435 649 3489 synonymum
661 3420 702 3472 τοῦ
786 3416 861 3469 LIII.
894 3433 918 3470 1.
951 3417 1017 3486 Quin
1047 3427 1072 3468 et
1098 3418 1259 3469 internuncia.

192 3494 318 3570 tumidus
326 3497 407 3552 Arist.
414 3495 578 3568 prndutricis
587 3515 704 3570 quoque,
747 3494 905 3549 Factitstum
918 3494 947 3550 id
962 3497 1059 3567 sepius
1072 3496 1191 3550 historici
1204 3515 1260 3550 me·

193 3590 229 3642 et,
243 3577 406 3650 utStsgiritu
421 3577 475 3642 eit,
499 3575 702 3641 fecundissime,
747 3575 907 3639 minerunt,
930 3593 1046 3647 quornm
1069 3593 1103 3629 ex
1121 3577 1262 3630 cunalibus

195 3656 326 3728 siqnidem
349 3676 400 3710 ovu
423 3667 540 3729 quatuor
560 3656 639 3728 perit.
654 3657 705 3710 llic
747 3655 879 3726 exemit
894 3654 1014 3725 exemplu
1038 3673 1117 3726 quum
1145 3656 1260 3728 plurimu

192 3735 704 3808 osorumnumerus‚stutioqueinmuris
746 3734 906 3800 Bcchurtus,
920 3732 955 3788 de
968 3736 1056 3788 Anim.
1072 3748 1147 3806 purte
1165 3755 1196 3798 s,
1212 3734 1260 3788 lib.

193 3817 356 3871 conveniunt
369 3817 399 3870 in
406 3817 506 3884 yirlcone
524 3816 662 3868 tinnunculo
671 3815 702 3868 L.
746 3816 770 3881 I,
776 3833 805 3885 p.
819 3815 864 3868 15.
879 3812 1020 3886 Hodieque
1034 3814 1133 3885 Aleppi
1141 3815 1170 3868 in
1183 3813 1261 3886 Syria

193 3885 205 3964 i
216 3895 344 3962 Burrus,
363 3896 399 3950 ic.
420 3909 483 3959 sor,
513 3903 568 3965 47¹
586 3890 612 3960 )‚
632 3896 703 3967 vulg.
747 3893 896 3949 ministerio
910 3911 1000 3948 eurum
1025 3894 1063 3948 sic
1081 3906 1203 3959 utuntur,
1214 3912 1262 3965 pe·

193 3977 333 4030 emeretis.
350 3977 407 4030 Nec
417 3988 505 4028 tumen
519 3975 704 4047 synonymium
746 3973 826 4028 dibus
834 3974 950 4045 epistolis
959 3973 1082 4046 alligatis.
1095 3975 1187 4026 Hunn.

193 4054 307 4110 advertit
326 4055 439 4118 Plinius,
460 4054 504 4108 cui
524 4054 572 4107 lib.
587 4055 631 4120 X,
645 4073 703 4127 cap.
788 4074 815 4108 s.
826 4055 905 4106 anto
918 4059 1034 4106 nittmte.
1043 4053 1085 4106 sd
1098 4053 1213 4106 Brutum
1227 4053 1263 4106 ub

194 4133 704 4206 73,etlih.XXIX,cup.6,cenchris
748 4133 837 4189 Hirtio
865 4133 956 4188 missas
981 4134 1074 4188 smihit
1102 4132 1260 4198 Frontinus,
