3200 5159
581 612 741 679 LIBER
766 613 834 679 xl.
1166 607 1243 698 453

180 732 343 809 renaicu²⁴
359 740 494 834 regione
511 737 564 809 lex
584 744 682 809 etiarn
705 755 754 810 est
776 756 828 809 ter
849 764 937 810 anno
960 740 1152 810 debellandi
1170 766 1243 830 ens,

177 847 286 938 primo
303 870 367 915 ovo
387 838 585 927 obterendo,
606 847 724 915 deinde
746 846 869 933 fetum,
895 861 1063 941 postremo
1085 846 1240 917 adultos:

176 950 353 1021 desertoris
371 976 469 1048 poena
498 953 532 1020 in
561 978 662 1041 eum,
694 954 750 1046 qui
781 956 968 1024 cessaverit.
991 956 1036 1022 Et
1056 956 1090 1021 in
1110 957 1241 1023 Lemno

177 1054 283 1127 insula
296 1073 386 1127 certa
407 1083 560 1127 mensura
573 1057 734 1153 praefinita
753 1074 817 1143 est,
832 1084 931 1153 quum
953 1057 1071 1153 singuli
1090 1076 1240 1130 enecata·

176 1186 252 1231 rum
273 1163 315 1232 ad
336 1167 545 1259 magistratus
566 1164 719 1234 referunt.
742 1156 956 1235 Graeculos¹⁵
984 1188 1117 1260 quoque
1134 1166 1179 1234 ob
1204 1166 1246 1235 id
1283 1234 1288 1241 .

174 1268 304 1355 colunt,
324 1269 463 1339 adverso
481 1269 593 1339 volatu
612 1286 842 1356 occurrentes,
854 1294 969 1340 earum
983 1272 1095 1340 exitio.
1109 1274 1239 1342 Neeare

173 1388 209 1443 et
227 1377 261 1442 in
273 1378 366 1470 Syria
379 1374 510 1446 militari
528 1378 667 1471 imperio
674 1364 699 1405 ²⁶
710 1390 889 1473 coguntur.
904 1380 971 1446 Tot
985 1376 1074 1447 orbis
1088 1376 1271 1471 partibuse

173 1496 314 1576 vagatur
332 1481 365 1550 id
387 1480 522 1552 malurn.
547 1482 678 1553 Parthis
688 1482 712 1523 '⁷
736 1498 770 1553 et
796 1483 849 1552 hm
874 1486 909 1551 in
931 1482 1006 1552 cibo
1028 1498 1139 1577 gratae.
1160 1485 1240 1564 Vox,

215 1656 259 1713 ²⁴·
274 1650 304 1701 In
316 1650 458 1723 Cyrenaico.
473 1650 552 1705 Forte
560 1651 682 1721 pestilen-
724 1670 798 1717 mus,
812 1665 851 1706 est
871 1652 894 1705 ie
915 1670 963 1724 per
981 1669 1008 1705 ee
1027 1651 1090 1705 entis
1108 1650 1242 1714 eximius„

171 1727 215 1781 tiu
228 1741 310 1782 metu.
324 1731 416 1785 Refert
432 1730 503 1784 enim
520 1729 609 1784 Julius
624 1730 681 1783 Ob·
724 1750 774 1785 nee
785 1732 877 1785 olienis
886 1730 989 1801 indiget
1002 1731 1109 1802 plumis.
1119 1731 1237 1801 Atgrec·

171 1824 301 1879 sequens,
317 1826 377 1880 cap·
390 1828 441 1874 xc,
459 1811 488 1863 P.
507 1810 625 1873 Plautio,
640 1811 680 1867 M.
724 1810 938 1876 culusVeternm,
949 1828 1082 1882 neopum
1092 1809 1236 1877 corniculo,

171 1886 266 1941 Fulvio
286 1908 353 1943 coos.
376 1890 537 1944 locunturum
563 1890 680 1961 ingentia
723 1900 778 1943 totu
796 1890 864 1962 nigri
886 1890 984 1943 coloris
1001 1901 1054 1954 est,
1074 1887 1149 1960 quod
1164 1890 1236 1944 inter

170 1968 273 2037 agmine
287 1969 316 2022 in
326 1969 428 2033 Africo,
442 1987 458 2022 u
472 1982 551 2023 vento
567 1969 596 2022 in
608 1987 680 2024 mare
723 1980 833 2023 eeteros
839 1969 968 2023 Martialis
977 1967 1176 2032 animadvertit,
1183 1969 1232 2023 lib.

170 2044 287 2117 dejecte,
299 2047 477 2120 fluctibusque
487 2050 583 2119 ejecte,
595 2047 679 2102 odore
723 2050 749 2113 1,
763 2066 808 2119 ep·
831 2052 903 2103 116:
918 2071 930 2096 ι
947 2046 1000 2103 Sed
1012 2046 1159 2119 quemdam
1168 2049 1232 2101 volo

169 2125 331 2179 intolerabili
348 2129 460 2199 Cyrenis
476 2129 613 2182 mortifero
633 2146 679 2182 vn·
721 2128 878 2199 nigriorem,
893 2128 1031 2193 Formica,
1043 2128 1117 2199 pice,
1124 2144 1233 2197 gunen-

168 2224 236 2275 pore
260 2224 366 2277 gravem
386 2206 562 2278 pestilentium
588 2208 678 2261 iecisse
720 2205 898 2272 lo,oicede.·
911 2209 946 2261 Et
955 2219 1050 2261 ructor
1061 2207 1121 2260 vite
1129 2206 1156 2259 S.
1166 2206 1232 2265 Fru-

168 2285 275 2355 pecori,
298 2286 490 2358 hominumque
512 2306 578 2341 noce
595 2287 677 2341 millia
720 2288 806 2342 ctuosi
817 2287 899 2341 Arch.
913 2288 1018 2341 Brnmr.
1033 2303 1107 2339 num.
1122 2288 1154 2340 8:
1167 2286 1232 2339 «ffi-
1288 2279 1295 2295 ‘

167 2378 325 2436 consumpta
333 2367 403 2419 tube.
415 2367 506 2420 Hero.
719 2385 778 2438 gras
798 2385 944 2439 penuque
958 2384 1033 2429 eves,
1048 2383 1114 2437 qnos
1132 2363 1237 2419 usitato.

209 2445 254 2498 25.
283 2444 424 2499 Graeculos.
454 2446 608 2517 pervulgata
636 2457 676 2499 est
718 2447 827 2499 nornine
846 2446 942 2517 vulgus
960 2445 1094 2517 graeculae
1117 2444 1229 2509 vocitet,

165 2522 237 2595 apud
253 2525 395 2579 Phedrnru
412 2526 500 2579 lubuln
520 2526 595 2579 tertia
612 2524 674 2578 libri
718 2538 866 2579 mensuetus
884 2527 913 2579 in
928 2524 1087 2577 monasterio
1106 2524 1230 2577 hehniese

165 2602 266 2672 primi:
289 2607 428 2658 eTumenr
450 2605 521 2657 inani
537 2605 675 2675 pauculus
717 2605 901 2675 perhibetur.-
927 2605 1019 2658 Hnnn.
1040 2634 1081 2646 -
1095 2602 1228 2657 Grueeulor
1288 2664 1291 2672 1

165 2684 289 2753 superbie
303 2686 405 2737 Pennus
415 2685 513 2756 pavoni
524 2702 585 2754 qne
600 2682 673 2737 deci·
715 2704 815 2757 quoque.
826 2684 1052 2738 Comicnlrrume
1065 2700 1160 2753 genere
1171 2683 1228 2736 avie

164 2759 270 2825 derunt,
284 2764 398 2827 sustulit,
423 2764 509 2836 Seque
525 2764 672 2829 exornavit,
715 2777 753 2817 ert
763 2764 901 2835 gracculus
917 2774 1036 2816 veterum
1052 2761 1225 2816 Latinorum:

164 2854 213 2896 etc·
229 2869 240 2891 ι
258 2844 345 2909 Quum
361 2844 476 2897 fabulum
493 2844 672 2915 petru-ingens
714 2862 763 2897 nos
776 2845 876 2895 rioms
888 2859 1025 2904 vocemus,
1038 2852 1069 2893 ut
1080 2854 1152 2894 recte
1164 2840 1226 2893 Bel-

162 2920 480 2995 Lnoiunus,indpologin
492 2940 541 2994 pro
551 2921 672 2976 mercede
713 2922 803 2977 lonins
822 2922 964 2986 admonet,
978 2921 1027 2974 lib.
1041 2922 1099 2983 vl,
1125 2938 1186 2991 cup.
1206 2919 1222 2972 3

162 2999 313 3065 conductis,
334 3021 392 3074 pag.
410 3010 461 3056 262
476 3022 484 3057 ι
502 3004 592 3056 κολοιὸν
604 3000 671 3055 dixit
714 3015 741 3056 et
756 3021 783 3073 7.
795 3004 888 3055 Hero.

42 3117 48 3129 .
163 3080 294 3146 ἀλλοτρίοις
303 3085 399 3153 murcie
412 3082 569 3153 ἆγάὶὶισθιιι,
580 3081 671 3134 nlienin
756 3086 802 3136 26.
812 3082 917 3134 Militari
922 3082 1027 3151 imperio.
1034 3080 1085 3133 Cn.
1094 3078 1224 3132 Sicinium

161 3161 290 3214 exsultare
310 3162 411 3232 pennis.
436 3160 564 3214 Horutins
585 3161 671 3214 corni·
712 3174 852 3233 pretorem
865 3160 1047 3231 designatum,
1060 3176 1122 3211 curn
1137 3158 1225 3231 impe-

160 3240 249 3293 cnlarn
262 3242 395 3311 appellat:
418 3262 429 3284 ι
441 3240 482 3293 Ne
495 3240 517 3291 ri
530 3240 599 3292 forte
610 3258 670 3293 eum
711 3241 753 3294 rio
766 3242 875 3295 mireum
886 3240 914 3292 in
929 3239 1056 3309 Apuliam
1067 3237 1100 3291 ud
1114 3256 1157 3291 eur
1170 3238 1224 3292 col·

160 3320 304 3390 repetitum
317 3319 488 3373 veneritolim
498 3319 569 3372 Grex
580 3319 668 3372 avium
711 3318 845 3390 ligendes,
870 3331 962 3373 ructor
990 3330 1029 3371 est
1056 3318 1160 3383 Livius,
1174 3318 1222 3385 lib.

159 3396 275 3469 plumes,
302 3411 406 3453 moveat
427 3398 564 3459 cornicula
585 3398 667 3451 risum
711 3399 800 3460 XLII,
810 3416 871 3470 pag.
885 3396 1049 3453 diffluo.

160 3476 276 3531 Furtivir
298 3476 396 3531 nudata
415 3478 557 3531 coloribus.
577 3502 587 3525 ι
605 3478 669 3530 Οιιι-
752 3497 797 3548 ²7·
812 3478 920 3531 Portu.
938 3478 980 3529 De
993 3477 1066 3530 Afris
1079 3475 1132 3528 hoc
1149 3474 1222 3529 idern

158 3556 224 3610 nino
248 3558 286 3611 sic
305 3576 333 3611 re
351 3576 393 3611 res
412 3558 499 3611 hebet.
522 3558 667 3611 Graeculus
711 3558 805 3612 scribit
814 3554 992 3620 Dioscorides,
1000 3556 1049 3610 lib.
1060 3556 1163 3627 11‚cap.
1176 3555 1222 3625 57.

158 3650 277 3691 veterum
293 3637 467 3702 Latinorum,
483 3638 571 3697 κολοιὸς
591 3638 668 3691 Grae·
710 3640 752 3691 De
766 3638 868 3691 Grecis
886 3654 1006 3708 quoque,
1023 3648 1053 3692 ut
1068 3655 1100 3689 ex
1120 3636 1223 3689 Aristo·

157 3734 253 3769 cornrn
271 3730 330 3780 ert,
346 3736 402 3771 non
422 3736 501 3789 quem
523 3717 593 3770 Galli
611 3720 669 3787 geni
709 3717 977 3789 phrne,inAchern.
989 3728 1039 3769 aot.
1052 3715 1104 3780 IV,
1115 3734 1153 3770 rc.
1172 3727 1224 3767 ret

157 3808 267 3862 vocant,
283 3811 312 3850 ut
327 3798 422 3868 vulgus
435 3798 609 3868 interpretum
624 3816 665 3849 nr·
713 3815 739 3867 7,
755 3797 902 3868 colligitur.
917 3797 958 3849 De
972 3794 1142 3865 Ethiopibus
1157 3792 1234 3855 neris

157 3874 286 3930 hitrrtur:
297 3875 344 3929 sed
354 3874 677 3941 utBelloniusadmonet,
711 3874 841 3948 dophngie
852 3894 885 3929 ex
898 3876 987 3929 Plinio
997 3887 1024 3928 et
1029 3870 1223 3944 Agatharchide

157 3952 192 4007 de
216 3954 320 4008 Avibus
343 3956 389 4009 lib.
402 3958 455 4021 vl,
471 3974 527 4027 cup.
552 3958 613 4009 3et
635 3976 666 4025 7,
711 3954 827 4009 diximus
840 3956 888 4009 lib.
905 3956 1035 4025 V1,cep.
1050 3953 1096 4009 35.
1112 3953 1232 4010 Desinet,

157 4035 267 4088 cloccas.
278 4035 377 4088 Glosrre
390 4049 491 4089 reteree
507 4055 513 4087 :
528 4036 666 4105 merrus,
711 4036 792 4105 igitur
797 4036 911 4107 ineptire
922 4033 1155 4105 grammaticorum
1165 4048 1223 4103 per

157 4117 245 4168 κολοιὸς
256 4116 344 4185 ὄρνισι,
356 4115 437 4186 igitur
446 4135 460 4168 e
469 4116 664 4169 cornicularum
710 4116 822 4180 tinacia,
833 4114 868 4169 de
880 4115 990 4167 locustis
1001 4113 1063 4167 Divi
1073 4114 1223 4165 Ptecurro·

156 4212 261 4264 genere.
285 4194 353 4247 Sane
376 4214 454 4267 quern
471 4199 528 4265 geni
543 4195 665 4248 nominu-
711 4195 747 4248 rie
759 4193 868 4248 Domini
880 4192 1036 4264 :dequibus
1047 4191 1104 4244 iure
1112 4191 1232 4255 Becher·2

1025 4283 1093 4394 29¹
