3200 5159
355 507 429 582 268
616 514 656 582 C.
680 514 842 583 PLINIl
869 511 974 584 NAT.
1003 515 1127 583 HIST.
1162 507 1168 518 ⁸

351 642 474 712 Africae
488 644 553 713 hoc
567 642 633 714 cst²
643 643 842 739 gallinarum
861 669 983 740 genus,
1003 645 1198 740 gibborum,
1217 647 1318 718 variis
1331 672 1424 743 spar-

351 773 425 817 sum
437 748 559 843 plumis
573 775 580 818 :
592 776 667 845 quae
682 753 869 822 novissime
896 767 974 822 sunt
990 755 1240 847 peregrinarum
1255 756 1368 823 avium
1385 757 1420 824 in

351 879 483 926 mensas
500 871 641 953 receptas
660 873 797 953 propter
819 860 987 954 ingratum
1007 844 1128 929 virus'.
1147 862 1274 930 Verum
1292 859 1419 933 Melea·

352 961 403 1055 gri
422 961 569 1033 tumulus
587 962 713 1034 nobiles
734 989 789 1034 eas
809 963 897 1034 fecit.

350 1194 389 1236 est
401 1193 569 1236 essenorum
583 1183 692 1254 gallinas
703 1179 819 1246 indicas,
831 1194 863 1235 ut
905 1179 1030 1235 minimas
1047 1181 1201 1252 plnmernnt
1215 1179 1349 1252 nigredini
1370 1179 1419 1233 ad·

350 1261 432 1332 vulgo
455 1261 599 1332 loquimur.
614 1287 625 1308 a
656 1261 711 1314 Hos
744 1261 862 1334 seqnitur
904 1277 1022 1329 spernas,
1046 1260 1129 1314 immo
1150 1274 1177 1316 et
1195 1261 1305 1320 lineolae
1321 1260 1420 1332 quibus

349 1338 466 1396 Aldrov.
481 1341 588 1394 Ornitb.
609 1340 657 1394 lib.
671 1341 752 1406 xm,
767 1359 795 1412 p.
812 1341 859 1413 37,
905 1339 1007 1393 altrum
1025 1341 1124 1412 plume
1136 1339 1296 1406 indicantur,
1312 1353 1339 1393 et
1360 1341 1418 1394 cel·

349 1418 457 1491 aliique.
469 1421 704 1474 Preiritomuibna
717 1421 860 1484 Bellonina,
905 1419 972 1472 caris
993 1421 1022 1472 in
1042 1420 1110 1492 pede
1127 1421 1280 1475 murm.
1306 1420 1419 1474 Nuntiet

349 1497 397 1551 lib.
419 1500 455 1566 V,
479 1518 538 1571 cap.
562 1501 728 1554 noverum
757 1500 863 1570 gallinis
904 1500 1171 1568 pretereebrseirca
1184 1498 1296 1571 paludes
1310 1497 1419 1570 degere,
1468 1509 1472 1514 ’

348 1577 445 1632 indicis
456 1580 531 1633 nulla
549 1579 680 1650 competit
696 1591 760 1632 nota
778 1598 810 1631 er
829 1579 862 1634 iis
905 1595 935 1630 ac
946 1578 1048 1632 cicures
1067 1577 1102 1634 de
1116 1579 1197 1650 pullis
1206 1597 1302 1650 parum
1314 1596 1417 1632 curare.

350 1659 453 1728 quaein
464 1657 668 1729 meleagridibus
680 1657 862 1712 describendis
905 1654 991 1710 Nemo
1007 1658 1118 1712 hicnon
1137 1658 1259 1730 agnoscit
1272 1658 1418 1712 altiornem

349 1737 432 1790 refert
444 1737 781 1810 Atbnteur,lib.X1V‚p0
793 1737 862 1804 655,
904 1753 980 1789 trem
1002 1738 1104 1809 pictade
1126 1730 1271 1805 (Numidam
1289 1739 1417 1808 meleagri-

349 1828 382 1869 ut
399 1818 482 1870 cuivis
495 1819 640 1880 constabit,
656 1835 713 1871 rem
726 1818 808 1888 paulo
820 1831 862 1872 at·
903 1815 958 1867 deut
968 1809 1078 1885 bium),
1097 1817 1214 1889 antiquis
1230 1830 1322 1870 notam
1342 1830 1370 1871 et
1388 1817 1418 1868 in

350 1897 448 1951 tentius
475 1895 666 1968 contemplanti
692 1914 700 1949 ε
726 1910 767 1962 et,
788 1897 862 1968 qnod
903 1894 1010 1968 Europa
1023 1895 1196 1952 domenticem
1206 1915 1299 1950 rurant
1310 1897 1419 1961 hetam,

350 1988 430 2047 caput
454 1977 663 2043 est,Veteribua
688 1994 725 2030 ee
752 1986 862 2047 pror-urs
903 1987 965 2044 post
990 1976 1177 2030 Lusitanorum
1200 1976 1304 2030 itinera.
1332 1974 1418 2041 Quod

349 2054 562 2111 lniraevidentnr
570 2055 861 2127 incognite‚qaumab
903 2051 979 2108 addit
993 2056 1089 2110 Noster
1101 2056 1135 2110 de
1150 2055 1231 2110 dorso
1244 2056 1417 2110 eminentiae
1482 2047 1491 2063 ‘

349 2132 509 2189 occidentali
526 2135 619 2201 India,
644 2135 699 2188 sive
722 2137 859 2198 America,
902 2133 1014 2204 gibboso
1034 2155 1128 2190 rerum
1146 2149 1185 2190 est
1200 2134 1415 2208 quoque.1liulti

348 2214 450 2268 luerint
477 2214 512 2268 ud
544 2233 593 2268 nco
624 2215 743 2286 primum
766 2216 859 2269 allate.
904 2224 995 2268 tamen
1020 2215 1171 2287 intelligunt
1192 2214 1227 2269 de
1244 2216 1315 2286 gullo
1332 2215 1417 2267 Indico

348 2293 538 2367 Meleagridem
552 2294 682 2350 Africana
699 2295 814 2348 similem
824 2295 861 2347 ait
903 2284 1240 2366 (dabdanlquembmeaica
1249 2292 1417 2366 septemtrio-

349 2391 405 2426 erae
419 2373 579 2441 Columella,
595 2375 642 2428 lib.
652 2375 737 2440 vm,
755 2392 816 2447 cap.
833 2394 859 2437 a,
901 2373 970 2426 nelis
979 2375 1050 2442 tulit,
1061 2375 1181 2448 ignotum
1195 2374 1417 2430 certeVeteribua

347 2470 409 2524 pag.
424 2456 672 2521 a803Alricunttn,
694 2454 748 2508 sive
768 2453 861 2508 Numi·
902 2464 930 2506 et
953 2454 1131 2526 melagridnm
1157 2455 1247 2508 avium
1268 2454 1307 2506 nil
1329 2453 1416 2508 simile

350 2530 438 2586 dicem
448 2535 552 2589 rnaticn
567 2535 670 2606 galline
687 2524 860 2606 (gelinottarn
901 2546 947 2586 tnt
959 2533 1076 2588 vicinum
1083 2535 1233 2588 habentem.
1240 2534 1295 2604 Ipsi
1304 2533 1416 2585 Liuneo

322 2619 323 2624 ’
347 2611 496 2677 vocantur)
513 2615 614 2679 Varro,
631 2612 664 2668 de
678 2615 717 2666 lte
729 2625 795 2667 ruet.
810 2613 859 2668 lib.
902 2610 1135 2685 dicitumteagris
1143 2614 1294 2684 gello-paco.
1305 2611 1358 2665 Sed
1369 2630 1417 2664 no·

347 2691 399 2756 ΙΙΙ,
411 2711 468 2766 cap.
484 2714 516 2765 9,
527 2714 588 2766 pag.
603 2693 664 2747 103.
677 2695 764 2759 Quam
776 2711 860 2764 porro
901 2705 960 2745 stre
963 2695 1144 2764 piutadanum
1151 2691 1186 2747 ed
1191 2692 1318 2763 Meleagri
1325 2705 1415 2744 tnmu·

347 2768 452 2843 dispar,
469 2773 565 2828 indice
577 2774 689 2844 galline,
702 2774 860 2844 rusticoque
901 2770 1415 2828 lnmsolebantdecertarelllixorisaima

347 2850 442 2919 facies,
467 2854 509 2906 vel
531 2854 612 2919 ceci,
629 2851 726 2914 credo,
747 2867 858 2908 norunt.
901 2851 957 2904 avis
978 2853 1035 2907 bec
1057 2866 1114 2920 est,
1136 2853 1311 2922 verberetque
1335 2849 1415 2916 aliu,

347 2929 441 3003 Neque
477 2933 511 2987 de
544 2933 585 2986 hir
615 2934 731 2987 fabulam
759 2934 860 2988 omittit
901 2932 1025 2985 verberat
1044 2933 1324 3006 repelpoqmiflncc
1333 2930 1414 2984 dnbi-

347 3011 481 3077 JElianns,
494 3013 618 3067 Historiae
633 3012 796 3066 Animalinm
810 3014 858 3067 lib.
902 3023 1003 3064 ureest
1011 3031 1069 3080 ens,
1084 3015 1177 3084 rique
1186 3029 1273 3082 prope
1284 3009 1411 3080 Meleagri

345 3089 398 3156 IV,
408 3110 465 3162 cap.
489 3097 534 3156 Aa.
549 3093 616 3157 Que
631 3093 684 3146 sint
706 3112 788 3164 porro
803 3092 860 3146 Me·
901 3091 1034 3144 tumulum
1054 3089 1173 3146 educata
1190 3103 1269 3155 eunt,
1295 3108 1329 3142 eo
1352 3089 1414 3143 loco

346 3167 492 3241 lemida,
510 3183 625 3230 statuere
643 3171 717 3226 baud
739 3172 858 3245 proclive
901 3171 1052 3226 collocuta·
1074 3173 1241 3235 verberante,
1266 3169 1412 3239 vapulasse.

346 3262 393 3302 est.
415 3249 506 3304 Haunt
531 3283 570 3296 -
592 3251 762 3322 Meleagrides.
791 3253 856 3317 Quo
903 3250 1023 3304 Curru.

344 3341 424 3400 pacto
442 3329 476 3383 de
495 3331 685 3403 meleagridum
701 3333 789 3405 specie
808 3331 858 3386 du·
942 3349 969 3383 a.
983 3331 1080 3398 Asneoe
1094 3332 1138 3383 boe
1152 3343 1196 3384 est.
1206 3331 1308 3396 Varro,
1328 3327 1413 3382 delle

344 3407 489 3463 bitrveriut
519 3411 726 3484 aliquantisper,
759 3412 854 3466 miror.
898 3422 966 3464 ruet.
984 3410 1033 3464 lib.
1057 3410 1114 3474 ΙΙΙ,
1134 3429 1192 3482 cap.
1215 3427 1244 3478 9,
1257 3427 1319 3481 paq.
1339 3415 1412 3472 rot:

345 3486 398 3542 llas
416 3488 515 3544 Athen.
530 3491 578 3545 lib.
592 3491 668 3555 XIV,
683 3511 710 3563 p.
726 3511 763 3545 m.
787 3491 854 3558 655,
903 3489 1038 3544 nGelline
1059 3490 1183 3544 alricnne
1204 3502 1265 3542 sunt
1285 3486 1414 3559 grandes,

345 3568 445 3639 optime
458 3565 585 3626 describit
602 3590 618 3623 a
639 3572 718 3640 Clyto
739 3571 857 3637 Milesio,
898 3569 994 3632 varie,
1005 3571 1135 3640 pibbae,
1157 3586 1223 3641 quas
1239 3565 1413 3639 meleagridas

344 3645 477 3718 discipulo
489 3651 597 3704 Aristot.
609 3669 664 3704 non
678 3650 788 3722 quidem
801 3669 857 3704 son
900 3649 1035 3720 appellant
1044 3650 1130 3703 Greci
1146 3668 1153 3702 ε
1167 3650 1210 3704 he
1222 3648 1371 3701 novimimn
1381 3647 1411 3700 in

344 3725 419 3793 dido,
430 3729 452 3781 ri
465 3747 498 3782 ex
517 3731 568 3784 boc
585 3731 730 3802 specimine
744 3730 855 3801 jndices.
900 3729 1047 3782 triclinium
1062 3729 1215 3801 qaneerinm
1226 3727 1412 3782 introiernnte

343 3805 477 3861 staturam
502 3823 576 3864 notat
600 3811 705 3882 galline
727 3810 855 3868 similem,
899 3808 1007 3874 culina,
1027 3821 1138 3881 propter
1163 3806 1298 3861 festidium
1324 3805 1413 3860 bomi-

343 3887 494 3958 impositam
506 3891 586 3961 capiti
599 3891 704 3944 eristum
713 3891 783 3944 clavi
797 3908 856 3942 mo·
899 3907 974 3941 num.
990 3914 1002 3936 ι
1014 3887 1108 3942 Huc.

344 3965 380 4020 do
395 3970 584 4024 exuberantem
607 3983 633 4026 et
658 3970 748 4023 colore
764 3969 855 4038 ligneo
940 3967 1106 4037 &Ingratum
1125 3970 1200 4020 obus.
1219 3969 1357 4037 Ingratum
1372 3983 1414 4018 aa·

342 4048 505 4114 notabilem,
524 4049 560 4104 ed
575 4050 656 4104 males
672 4050 754 4103 instar
764 4049 856 4102 barbe
898 4065 1001 4119 pcrem.
1013 4047 1075 4102 Sole
1089 4047 1171 4118 igitur
1184 4048 1294 4111 rantra,
1312 4058 1340 4098 et
1350 4063 1414 4116 pre·

342 4125 447 4198 longam
470 4149 591 4196 carnemt
612 4130 727 4186 merulas
742 4128 814 4183 albas
829 4140 857 4181 et
899 4128 967 4180 tium
983 4128 1110 4198 tugebat,
1136 4141 1162 4180 et
1182 4126 1279 4180 mensis
1289 4124 1413 4180 admove·
