3200 5159
366 517 440 605 384
629 521 668 590 C.
695 521 865 590 PLINII
893 521 1004 592 NAT.
1032 524 1164 592 HIST.

362 676 465 746 opera
479 666 515 721 et
528 649 680 722 labores:
702 651 894 748 nullusque,
905 677 1008 749 quum
1028 681 1087 751 per
1105 653 1221 725 caelum
1240 652 1346 738 licuit,
1360 653 1432 724 otio

329 788 344 820 2
364 760 449 852 perit
468 757 548 828 dies.
579 759 727 828 Primum
757 746 870 829 favos⁸
898 775 1121 848 construunt,
1146 784 1255 828 ceram
1278 758 1430 854 fingunt,

361 865 427 933 hoc
441 879 507 960 est„
517 865 635 933 domos
648 863 812 959 cellasque
822 865 957 938 fuciunt.
978 867 1108 936 Deinde
1127 865 1292 946 sobolem,
1314 880 1432 959 postea

362 969 476 1055 mella,
497 995 608 1041 cerain
629 997 670 1040 ex
691 971 852 1057 floribus,
874 972 1092 1068 melliginem⁹
1113 997 1132 1040 e
1156 971 1308 1066 lacrymis
1333 970 1430 1039 arbo·

363 1102 458 1162 rum,
481 1103 555 1171 quae
576 1076 742 1172 glutinum
752 1076 777 1101 ¹⁰
797 1080 952 1172 pariunt,
969 1078 1099 1166 salicis,
1118 1076 1219 1159 ulmi,
1237 1075 1430 1163 arundinis,

364 1185 634 1277 succo,gummi‚
647 1185 764 1253 resine.
779 1186 839 1256 His
853 1187 997 1280 primum
1006 1185 1028 1210 ¹¹
1043 1181 1205 1254 alvenm¹²
1222 1186 1328 1280 ipsum
1342 1185 1432 1251 intus

365 1304 488 1372 totum,
506 1305 545 1358 ut
562 1290 706 1384 quodem
727 1295 886 1374 tectorio,
905 1291 1055 1378 illinunt,
1077 1304 1112 1359 et
1127 1288 1196 1359 aliis
1214 1288 1431 1358 amarioribus

366 1395 472 1464 succis
485 1409 602 1466 contra
610 1395 746 1466 alierum
762 1395 975 1466 bestiolarum
988 1398 1177 1467 aviditates:
1191 1395 1224 1464 id
1239 1395 1430 1464 selecturus

338 1501 345 1514 '
365 1503 521 1588 consciae,
540 1500 630 1596 quod
645 1505 834 1596 concupisci
846 1505 960 1598 possit.
976 1505 1036 1574 His
1056 1501 1174 1572 deinde
1193 1501 1281 1570 iores
1296 1525 1429 1596 quoqne

366 1605 497 1676 latiores
514 1593 816 1678 circumstruunt'³.

334 1739 346 1772 1
418 1716 478 1782 VI.
500 1702 706 1808 (vanrima
726 1713 942 1784 fundmneuta
960 1710 1160 1784 commosin¹
1177 1727 1300 1782 vocent
1314 1714 1431 1809 periti,

365 1919 421 1971 tur,
442 1905 488 1976 qni
504 1904 599 1976 prioris
611 1905 732 1958 favorum
746 1923 777 1958 ae
791 1906 877 1959 rnellis
918 1918 949 1958 nt
960 1917 1082 1976 apparet,
1097 1901 1131 1956 de
1152 1905 1265 1958 Animal.
1280 1907 1326 1959 lib.
1343 1907 1430 1968 VIII,

365 1984 506 2040 vindemio
527 1985 658 2054 assignant
679 1984 751 2037 diem
776 1985 876 2039 tricesi-
918 1997 994 2038 tract.
1012 1992 1043 2051 4,
1057 2003 1114 2055 cap.
1127 1984 1231 2056 3,pag.
1245 1989 1299 2056 267
1311 2003 1323 2058 ².
1334 2012 1346 2033 ι
1359 1986 1393 2038 Et
1407 1987 1430 2038 si

366 2083 441 2117 snum
464 2065 497 2117 ab
526 2063 624 2117 educto
645 2064 764 2117 examine
788 2061 876 2128 (conf.
918 2065 1063 2124 foramina.
1080 2082 1128 2135 per
1145 2083 1204 2136 quse
1218 2065 1431 2130 motiunculis,

367 2163 427 2215 cap.
448 2141 517 2207 14),
545 2144 689 2214 peragique
710 2143 766 2197 iere
788 2151 877 2198 iuense
918 2145 986 2198 lbrte
1000 2143 1431 2216 fiuntuimisnmpls,bnjussuodi

288 2262 291 2267 -
367 2224 438 2276 maio
454 2235 552 2276 censet.
566 2223 656 2276 Hsnn.
918 2223 1016 2277 florum
1029 2223 1216 2276 illinitiouibus
1227 2223 1333 2276 strictos
1343 2225 1434 2278 cosla·

408 2305 436 2356 8.
449 2303 556 2367 Primum
562 2303 642 2369 [ανω.
657 2301 724 2366 Quis
737 2300 878 2374 deinceps,
919 2304 1026 2356 ciunt.»
1043 2303 1133 2356 Hano.

366 2382 471 2454 reliquo
489 2383 575 2453 capite
602 2383 655 2435 boc
683 2381 878 2448 continentur,
959 2383 1008 2434 vl.
1034 2401 1058 2435 rs
1079 2381 1222 2434 Commosin.
1240 2383 1280 2434 Ita
1297 2382 1375 2436 Colb.
1395 2399 1430 2445 1,

367 2462 447 2516 babet
459 2461 538 2515 etiam
551 2462 717 2525 Aristoteles,
733 2462 802 2516 nist.
810 2463 877 2516 Ani·
922 2461 1101 2526 s‚Pnrisieus.
1114 2461 1229 2532 librique
1239 2462 1358 2534 impressi
1371 2476 1433 2532 post

367 2543 429 2594 mal.
442 2541 489 2594 lib.
499 2542 554 2603 lx,
570 2560 629 2612 cap.
643 2547 695 2607 64,
705 2561 732 2612 p.
744 2544 827 2596 1108.
842 2543 877 2596 H.
919 2541 1092 2594 Frobeuium.
1110 2542 1175 2611 lieg.
1199 2558 1227 2605 1,
1245 2559 1278 2606 a,
1298 2545 1428 2596 commisin.

408 2639 435 2689 9.
457 2621 616 2689 Melliginem.
638 2621 748 2692 Melligo
769 2634 878 2675 vocatur
918 2620 1065 2678 Parmensis
1076 2618 1308 2684 editio,diminuto
1317 2622 1433 2674 vocabu·

366 2701 485 2772 primum
498 2701 581 2753 veluti
596 2701 816 2772 tentoriumque
836 2719 878 2754 so·
917 2704 959 2763 lo,
972 2703 1056 2771 myrin.
1075 2697 1245 2765 Aristotcles,
1259 2700 1327 2752 uin.
1340 2701 1431 2754 noim.

366 2781 423 2834 lum
432 2799 495 2852 apes
509 2780 656 2844 obliniunt,
675 2793 766 2833 contra
779 2780 878 2834 bestio-
918 2779 965 2832 lib.
978 2779 1032 2844 lx,
1045 2797 1102 2850 cap.
1117 2781 1154 2842 64
1164 2817 1172 2842 ,
1183 2797 1210 2849 p.
1226 2797 1313 2848 1109,
1326 2785 1430 2836 edinen

367 2861 453 2914 larum
464 2860 596 2912 incursus.
609 2860 699 2913 Hann.
879 2859 883 2868 '
918 2860 961 2912 vel
972 2859 1085 2912 κώνυσιν.
1097 2858 1209 2911 Koron
1221 2854 1250 2911 di
1265 2859 1431 2930 μιλιττουργσὶ

411 2958 453 2993 ro.
466 2939 660 3008 (impleuisset.
667 2939 735 3003 Qun
743 2953 805 2992 sunt
813 2957 878 3010 quo·
917 2943 990 2992 τοῦτο
1001 2938 1112 2992 adsonis.
1121 2937 1275 2992 commosin
1289 2951 1376 2991 temen
1392 2957 1433 2992 re·

367 3038 421 3090 quo
436 3016 518 3070 ruodo
527 3018 665 3088 glutinosn
675 3036 683 3070 ε
695 3037 754 3089 quse
768 3037 876 3072 succum
918 3018 1005 3082 tinen,
1019 3031 1077 3070 tum
1092 3016 1214 3088 priorum
1224 3015 1345 3070 codicum
1354 3031 1432 3084 ,tum

367 3097 496 3151 exsudent
505 3099 607 3167 gummi
618 3098 659 3151 vel
672 3099 766 3151 resine
784 3097 876 3150 ruodo.
917 3096 1205 3168 Hesychiieuctoritate
1214 3095 1432 3169 adductuszllrip·

367 3180 408 3231 De
421 3177 508 3232 salicis
526 3195 619 3242 succo,
638 3177 685 3231 lib.
699 3176 803 3242 XXIV,
819 3195 876 3248 cap.
918 3196 1004 3248 porse,
1023 3177 1127 3247 inquit,
1142 3195 1203 3247 pag.
1222 3179 1292 3241 546.
1314 3178 1361 3230 iuri
1380 3184 1430 3230 rr'ss

370 3276 423 3328 ²73
436 3253 590 3322 arundinis,
600 3274 658 3328 cap.
672 3255 715 3310 50.
723 3257 816 3310 uun.
918 3263 1095 3326 μιλισσουργῶν
1106 3256 1121 3312 l
1132 3261 1173 3310 τοῦ
1189 3251 1432 3328 spinosissimam.

410 3354 455 3390 rr.
465 3338 631 3406 Hisprimnrn.
640 3336 803 3402 Aristoteles,
814 3355 876 3408 pag.
919 3335 1073 3388 Commosiu
1092 3335 1228 3406 appellant
1246 3335 1357 3406 apiarii,
1371 3355 1432 3408 quar

311 3457 315 3475 .
371 3433 452 3485 1¹⁰9·
468 3416 559 3469 llann.
918 3435 980 3486 apes
993 3414 1079 3486 prima
1096 3414 1160 3466 favis
1179 3427 1285 3484 ponunt
1298 3414 1432 3469 fundami-

410 3515 455 3549 υ.
466 3495 579 3549 Aleum.
592 3495 682 3560 Aluum
695 3493 772 3549 MSS.
786 3514 878 3549 omues
919 3514 968 3559 na,
984 3507 1015 3547 ut
1024 3513 1084 3546 cum
1098 3494 1213 3564 Virgilio
1226 3494 1328 3565 loquar,
1340 3495 1430 3548 fluo.

367 3576 467 3646 ubique
479 3575 607 3628 exhibent
618 3594 625 3627 :
636 3586 662 3628 et
674 3575 763 3630 nlvnru
776 3593 827 3644 pro
839 3576 877 3628 al·
919 3605 960 3618 -—
977 3574 1125 3638 commosin,
1143 3577 1291 3644 pissnseron,
1303 3575 1433 3644 propolin,

367 3675 434 3720 reo,
444 3673 491 3708 seo
504 3654 601 3708 alveari
608 3693 617 3720 ,
624 3668 724 3708 veteres
732 3655 829 3726 possim
839 3653 878 3707 di·
920 3655 1060 3707 Rnsnunn
1070 3649 1272 3716 (Commentis,
1282 3670 1340 3724 pag.
1352 3649 1432 3724 437).

367 3753 438 3789 xere.
450 3735 541 3787 uisu.
920 3734 968 3788 Hae
981 3734 1130 3786 substantiis
1145 3731 1213 3784 nibil
1231 3743 1308 3796 sunt,
1321 3732 1372 3786 uisi
1385 3753 1432 3788 va·

411 3816 456 3869 13.
473 3814 673 3868 Cirounstmant.
689 3814 747 3866 Hoc
766 3827 821 3880 est,
835 3832 878 3868 nc·
919 3813 1025 3868 rietates
1037 3811 1171 3884 propolis,
1187 3829 1247 3883 qun
1266 3811 1373 3864 materia
1391 3825 1433 3867 est

366 3895 511 3948 cessionem
518 3893 632 3948 materie
640 3892 788 3965 adjungunt
796 3893 879 3958 ostiis,
920 3909 1144 3965 gummosa,cere
1151 3890 1293 3962 dissimilis,
1306 3910 1358 3963 qus
1368 3910 1433 3963 apes

367 3973 389 4026 si
407 3973 500 4027 latiora
512 3986 584 4026 snut.
597 3973 648 4028 rtet
661 3975 706 4034 τὰς
728 3968 837 4034 stetten:
849 3968 878 4027 di
922 3985 1034 4028 uruntur
1045 3969 1078 4022 nd
1086 3970 1221 4024 alveorum
1230 3970 1389 4041 supplendas
1397 3972 1434 4023 ri-

367 4049 644 4123 enpmdepoiess,lin
651 4056 739 4124 εὐρεῖαι
747 4049 880 4106 besndri·
922 4071 987 4105 mss.
998 4051 1067 4104 Huic
1081 4050 1147 4104 varii
1158 4051 1272 4110 colores,
1284 4050 1355 4104 varia
1368 4050 1432 4103 soli-

366 4145 428 4186 stot.
439 4133 635 4187 Albertnsitem
645 4151 693 4198 ,ex
704 4132 878 4204 Philosopbo,
923 4131 998 4185 dites.
1015 4131 1132 4184 Currus.
