3200 5159
598 485 758 563 tiana
781 497 826 564 x.
1173 495 1243 594 317
1300 471 1319 488 “

179 641 306 716 motus,
328 650 431 721 quum
451 625 635 695 insidentur
647 626 683 716 ¹¹,
705 627 870 723 plerisque
893 645 1118 718 memoratos,
1135 613 1244 722 'facile

180 736 389 828 conceperim
398 747 509 801 mente
524 757 648 827 :neque
661 735 738 828 ipsae
747 734 818 827 jam
829 734 906 803 ares
921 750 1112 807 noscuntur.
1121 739 1244 827 Quam·

180 841 296 909 obrem
310 840 351 909 de
368 839 524 909 confessis
542 839 732 909 disseruisse
754 842 953 935 praestiterit.
1067 922 1070 929 y

233 949 357 1046 LXXI.
378 935 440 1038 (a.)
463 943 609 1016 Gallinas
632 948 782 1041 saginare
801 945 947 1016 Deliaci¹
972 972 1102 1042 crepere
1123 973 1132 1016 τ
1155 949 1275 1020 under

179 1055 281 1148 pestis
295 1067 429 1140 exorta,
441 1053 569 1145 opimas
591 1074 667 1122 aves
687 1067 721 1120 et
740 1067 857 1146 suopte
872 1051 1029 1148 corpore²
1051 1070 1169 1126 unctas
1185 1056 1244 1126 de·
1330 1062 1333 1070 “

179 1159 328 1228 vorandi.
344 1162 417 1228 Hoc
441 1160 586 1253 primum
607 1159 749 1252 antiquis
768 1182 939 1228 coenarum
965 1147 1167 1230 interdictis³
1186 1187 1245 1232 ex·

179 1342 302 1410 dentem,
318 1361 414 1414 nempe
434 1342 564 1414 ingratam
577 1355 603 1395 ct
618 1341 690 1414 iuju·
734 1361 793 1396 rum
822 1355 965 1396 curatores.
992 1343 1103 1408 Molles,
1129 1357 1243 1410 veteres,

179 1422 294 1478 caudam
307 1441 313 1476 t
331 1415 431 1484 asino,
441 1461 449 1486 ,
459 1424 546 1493 inquit
557 1423 637 1476 Arist.
648 1425 690 1477 sal
733 1423 849 1485 Deliaci,
860 1440 941 1476 manu
952 1423 1045 1488 recisi,
1060 1448 1071 1471 ι
1090 1422 1118 1475 id
1129 1438 1187 1491 est,
1199 1443 1243 1478 ca·

180 1503 482 1575 μιμητὴςᾶντορχοΰμινος·
495 1503 637 1568 ἁλίσκεται,
647 1502 690 1554 Ιιι-
733 1502 816 1555 strati.
825 1499 897 1554 Vide
910 1502 989 1554 Varr.
1005 1503 1052 1555 lib.
1065 1503 1121 1568 III,
1134 1523 1193 1575 cap.
1207 1522 1224 1573 9
1235 1523 1244 1569 a

174 1583 342 1646 vdilicator,et
351 1582 467 1636 imitator
475 1594 564 1634 contra
572 1581 690 1634 saltando
733 1581 874 1634 Columell.
892 1582 1002 1634 Samso.

180 1661 293 1732 capitur.
310 1659 381 1714 Vide
401 1659 475 1733 qnod
495 1673 553 1714 not.
581 1675 620 1715 est
636 1662 686 1716 lib.
773 1681 798 1713 a.
818 1662 856 1714 Et
866 1673 949 1731 suopte
963 1680 1068 1731 corpore.
1083 1662 1173 1715 Probe
1186 1659 1243 1715 adi·

179 1741 297 1808 XXXV,
308 1760 365 1812 cap.
383 1742 540 1793 11.Dsano.
731 1753 805 1810 patas
824 1759 831 1792 :
849 1753 880 1793 ut
893 1739 1026 1794 adscititio
1040 1739 1120 1812 adipe
1140 1759 1196 1793 non
1210 1743 1246 1796 sit

224 1837 267 1872 rr.
292 1821 372 1890 Quam
393 1820 532 1872 inibatur·
555 1821 588 1872 In
612 1818 689 1875 editis
731 1836 813 1890 opus,
833 1837 916 1890 quum
934 1817 1051 1873 abundet
1065 1821 1244 1892 proprius,e

179 1917 335 1971 perperam,
353 1919 423 1972 quum
436 1893 554 1954 'insideat
564 1899 602 1952 tn
623 1901 687 1971 lleg.
730 1899 819 1970 sagina
829 1911 913 1952 uatus.
923 1898 1014 1952 Haan.

182 1997 209 2043 r,
220 1998 251 2043 a,
261 1979 455 2051 etParis.quum
466 1979 599 2031 inridentur
608 1997 618 2032 .-
628 1998 689 2051 quas
772 1979 799 2032 3.
814 1979 941 2032 canam
956 1979 1095 2031 smerdem.
1111 1978 1171 2033 Hoc
1183 1991 1240 2043 est,

178 2077 301 2130 germana
312 2058 401 2112 lectio.
409 2059 473 2111 ntor
484 2058 574 2123 etiam,
585 2077 689 2131 «neque
730 2057 832 2128 legibus
845 2056 879 2110 de
896 2075 1030 2111 coeuarum
1043 2072 1070 2111 et
1087 2073 1243 2131 sumptuum

178 2138 243 2208 ipsas
254 2139 309 2208 jam
322 2150 576 2203 avernoscuutur,·
594 2139 688 2211 rescri-
730 2136 821 2190 ωοᾶο.
852 2137 977 2190 Meminit
1003 2138 1083 2208 hujus
1108 2138 1243 2193 interdicti

178 2218 295 2288 ruimus,
316 2235 367 2288 pro
390 2231 521 2270 nmruutur
538 2217 596 2270 :iis
616 2218 688 2271 enim
730 2216 923 2281 Tertullianus,
943 2218 972 2269 iu
986 2218 1100 2289 Apolog.
1121 2236 1178 2289 cap.
1194 2238 1243 2283 vt,

178 2315 244 2366 quus
257 2297 366 2350 minime
377 2297 495 2366 putavit,
505 2315 547 2350 eas
557 2315 617 2367 qna
626 2315 690 2350 con·
730 2312 791 2366 pag.
806 2299 822 2349 6
837 2313 844 2347 t
866 2320 878 2342 ι
891 2296 1015 2361 Quonam
1028 2296 1080 2350 illae
1095 2297 1163 2367 leges
1172 2298 1244 2351 abie-

178 2376 341 2437 ferrosum,
356 2375 443 2428 statim
460 2376 581 2446 opponit.
596 2376 687 2429 Haun.
730 2387 804 2440 runt,
813 2387 949 2446 sumptum
958 2387 984 2428 et
993 2375 1165 2429 ambitionem
1172 2395 1244 2432 com·

177 2485 218 2498 -
232 2456 312 2525 Quum
323 2455 462 2508 inridentur.
482 2455 574 2520 Quum
590 2456 623 2508 ab
640 2473 688 2508 au·
730 2453 896 2524 primentesi
913 2470 972 2525 qua
985 2467 1090 2508 centum
1104 2473 1171 2519 asra,
1185 2475 1242 2508 nou

178 2535 292 2605 cupibus
308 2533 552 2590 circumsedentur:
568 2553 689 2605 quorum
731 2531 861 2603 amplius,
874 2532 1012 2585 iucoeuam
1023 2534 1154 2587 subscribi
1164 2537 1242 2605 jube·

178 2615 343 2680 saltationes,
362 2612 427 2667 dum
444 2631 504 2667 aves
524 2631 561 2666 esa
575 2614 690 2684 gestiunt
731 2612 813 2672 bant,
833 2629 883 2664 uec
905 2611 1034 2682 amplius,
1057 2630 1137 2683 qnam
1161 2633 1243 2668 unam

178 2693 409 2754 imitari,iutentss
418 2693 446 2745 in
455 2693 545 2763 aliquo
554 2711 586 2744 ex
597 2692 643 2758 iis,
655 2693 688 2745 ab
730 2690 824 2743 inferri
835 2691 976 2761 gallinam,
996 2702 1022 2742 et
1032 2709 1090 2744 eam
1102 2710 1157 2743 non
1173 2695 1242 2763 sagi-

178 2769 689 2842 alterosacilecapiuutur,utiderisione
730 2783 828 2823 natam.
848 2795 859 2816 ι
887 2771 921 2823 Et
943 2771 1110 2836 Macrobius,
1133 2771 1240 2830 Satura.

178 2851 279 2905 Plinius
291 2854 343 2926 loc.
355 2851 399 2904 cit.
416 2850 450 2906 de
468 2851 524 2921 ipsa
538 2869 616 2923 scope
627 2870 687 2905 nar·
730 2849 776 2902 lib.
787 2851 824 2915 II,
835 2867 893 2920 caps
906 2849 939 2903 13
951 2867 1028 2920 ,pap
1039 2850 1095 2920 367
1107 2851 1243 2906 2·me
1305 2917 1309 2931 ,

177 2945 219 2984 ret
235 2930 404 2986 Metrodorus
420 2931 540 3002 proxime
558 2929 687 2985 laudatus.
729 2928 771 2982 lex
783 2930 934 3000 sumptibus
946 2928 1056 2983 modum
1068 2930 1131 2984 lecit
1141 2932 1241 2986 assibus

178 3009 270 3064 Hasn.
729 3021 851 3073 centum,
862 3021 912 3062 etc.
926 3034 937 3054 ι
950 3007 1020 3062 Vide
1029 3009 1135 3063 Festum
1143 3013 1242 3075 ,verbo

219 3086 317 3143 LXXI·
343 3108 367 3145 t.
390 3089 495 3142 Deliaci.
516 3089 687 3144 Deliacorum
732 3087 883 3142 Centcmrioe
900 3108 989 3153 ma,
1004 3101 1030 3141 et
1045 3089 1173 3142 Gellium.
1185 3092 1242 3145 Ea·

178 3170 375 3241 gallinariorum
391 3169 538 3224 Columella
552 3169 687 3235 meminit,
729 3180 821 3237 mptum
835 3187 918 3240 porro
936 3167 1062 3221 hocloco
1080 3169 1240 3224 nominatim

178 3250 225 3303 lib.
243 3250 326 3316 VIII,
341 3267 398 3321 cap.
412 3266 440 3316 a,
454 3250 542 3302 Varro
557 3249 632 3308 item,
652 3246 686 3302 de
728 3258 835 3300 cautum
852 3266 883 3300 ac
896 3260 1022 3300 statutum
1035 3249 1169 3319 intellige:
1187 3269 1242 3322 quo

178 3330 217 3381 lie
229 3340 295 3382 rust.
306 3329 352 3382 lib.
363 3330 420 3392 111,
434 3347 492 3399 cap.
509 3347 534 3398 9.
545 3328 635 3381 Haan.
647 3359 687 3370 --
729 3326 878 3397 significatu
897 3346 950 3379 vox
964 3345 994 3380 ea
1015 3339 1073 3380 tum
1089 3327 1162 3399 apud
1175 3330 1241 3382 alios

41 3399 68 3446 ,'
112 3455 114 3460 ,
181 3407 296 3461 Gallinas
305 3412 418 3478 saginare
430 3408 529 3460 Deliaci
537 3426 633 3478 cupere.
644 3406 688 3461 ci·
730 3407 871 3476 scriptores
905 3406 1043 3476 occurrit,
1077 3418 1135 3460 turn
1166 3409 1240 3480 apud

177 3505 240 3540 cero
256 3488 284 3541 11
298 3486 686 3552 Academiarum-Videsne,
731 3485 849 3538 Plinium
873 3485 977 3557 ipsum,
998 3486 1068 3538 libro
1091 3487 1172 3553 XIV,
1198 3508 1241 3543 oa·

177 3579 209 3620 ut
221 3567 248 3619 in
259 3567 400 3638 proverbio
410 3567 444 3620 sit
456 3584 566 3619 ovorum
579 3567 647 3620 inter
659 3585 687 3620 sa
730 3565 787 3635 pite
803 3562 818 3615 3
831 3604 839 3629 ,
857 3577 883 3618 et
898 3565 961 3618 alibi
977 3566 1081 3638 passim.
1096 3566 1188 3621 Haan.
1201 3601 1242 3612 —-

177 3646 342 3700 similitudo?
357 3659 444 3700 tamen
458 3645 509 3699 boc
521 3647 686 3717 accepimus,
729 3645 800 3714 Lege
821 3644 921 3699 Fannia
949 3646 1152 3717 permittebatur
1171 3647 1242 3701 ludis

177 3727 236 3778 Deli
253 3726 331 3779 luisse
352 3726 501 3796 complures
517 3725 594 3778 salvis
606 3725 686 3778 rebus
730 3725 871 3788 Romanis,
892 3725 1015 3795 plebeiis,
1039 3726 1241 3791 Saturnalibus,

176 3805 244 3870 illis,
264 3806 313 3876 qni
330 3805 438 3876 gallinas
454 3805 524 3858 alere
543 3805 686 3876 permultas
731 3816 757 3857 et
770 3805 828 3857 aliis
840 3803 999 3876 qmbusdam
1011 3804 1121 3869 diebus,
1135 3805 1163 3858 iu
1182 3804 1240 3859 dies

176 3897 291 3956 anastus
310 3903 386 3938 causa
404 3885 526 3938 solerent.
548 3885 584 3937 Hi
602 3901 684 3956 quum
730 3883 849 3955 singulos
866 3897 973 3949 centum
993 3885 1051 3938 teris
1069 3885 1178 3949 insumi,
1192 3883 1240 3938 de·

133 4017 140 4032 ,
175 3983 227 4017 ova
252 3964 431 4033 inspexerant,
452 3981 512 4036 quaa
536 3964 566 4018 id
589 3963 684 4035 gallina
729 3981 787 4016 cem
797 3964 856 4018 aliis
870 3963 965 4017 diebus
984 3963 1148 4035 singulorum
1164 3983 1240 4018 meu·

174 4043 333 4116 peperisset,
352 4042 439 4097 dicere
459 4043 587 4098 solebant.
601 4068 612 4089 ·
637 4043 684 4096 Pe·
728 4042 798 4096 aium
816 4043 955 4107 moesos,
975 4045 1074 4098 caeteris
1093 4043 1239 4108 omnibus,

175 4123 263 4178 trunio
283 4123 408 4190 Arbitro,
433 4148 445 4172 ι
458 4122 559 4178 Deliaci
576 4123 684 4194 gallina·
728 4121 820 4178 denos.
834 4124 866 4177 C.
880 4122 982 4176 Fannio
1000 4135 1027 4176 et
1039 4123 1077 4175 M.
1095 4123 1156 4176 vat.
1173 4123 1242 4178 bIes·
