3200 5159
552 534 714 605 LIBER
741 538 809 605 lx.
1138 526 1209 603 '135

133 671 202 764 jam
218 666 428 762 margaritas,
443 664 507 735 nisi
524 663 672 757 calcent,
690 690 729 736 ac
744 689 805 761 per
820 665 959 736 uniones
970 664 1069 733 etiam
1089 662 1210 733 amhn-

135 775 224 864 lent,
243 774 322 844 satis
336 785 397 843 est·
1062 770 1063 775 ’

188 886 355 953 innostro
367 879 451 949 mari
464 878 602 974 reperiri
620 876 946 959 solebant,crehrius
962 877 1209 1000 eirchospho·
1229 898 1245 956 t

135 1014 212 1059 rum
220 986 243 1027 ¹⁷
264 987 462 1073 Thracium,
475 984 539 1054 rufi
558 1009 599 1055 ac
619 987 715 1081 parvi
737 986 771 1054 in
798 984 955 1066 conchis,
975 1008 1058 1077 quas
1079 1006 1172 1078 myas

133 1093 316 1197 appellant.
342 1098 388 1164 At
412 1093 448 1161 in
469 1094 656 1162 Acarnania
678 1116 753 1187 quae
773 1106 914 1165 vocatur
934 1089 1068 1185 pinna¹⁹
1095 1091 1209 1185 gignit.

134 1204 215 1290 Quo
235 1214 375 1296 apparet
393 1224 462 1268 nou
484 1224 553 1268 uuo
570 1200 708 1269 conchae
732 1222 854 1293 genere
878 1199 979 1266 nasci.
1002 1196 1157 1291 Namque
1176 1212 1211 1267 et

1186 969 1209 1008 rt

133 1308 221 1377 Iuba
237 1308 354 1394 tradit,
384 1305 535 1377 Arabicis
562 1306 725 1377 concham
749 1328 821 1375 esse
842 1302 980 1378 similem
1009 1305 1134 1398 pectini
1155 1304 1209 1373 in-

132 1409 271 1501 seot0²⁰,
293 1414 456 1483 hirsutam
473 1413 670 1483 echinorum
691 1408 846 1501 modo²¹,
867 1412 975 1507 ipsum
998 1411 1155 1483 unionem
1174 1412 1209 1481 in

131 1626 239 1679 ximus:
264 1626 339 1679 solea
361 1624 511 1697 spiram,
536 1623 649 1677 habenis
694 1623 856 1684 σκευάζεσθαι
873 1621 1002 1692 ὁρμίσκους
1016 1640 1044 1673 τι
1060 1623 1102 1674 καὶ
1123 1622 1209 1689 ψαλισ

132 1706 301 1779 simplicibus
322 1703 385 1777 pedi
408 1703 523 1775 alligata.
541 1703 649 1757 Obstri·
692 1702 748 1774 περὶ
757 1701 804 1764 τὰς
813 1705 907 1773 χεῖρας,
915 1700 958 1753 καὶ
968 1702 1023 1761 τοὺς
1034 1696 1125 1761 πόδας.
1137 1702 1205 1755 Dat.

130 1785 290 1856 gillicalcei,
303 1796 370 1837 teste
383 1783 497 1848 Isidoro,
505 1783 554 1837 lib.
566 1784 649 1849 xlx,
737 1800 781 1853 17.
802 1782 876 1835 Circa
889 1780 1049 1850 Bosphorum.
1063 1780 1122 1833 Hoc
1136 1780 1207 1852 puri·

131 1884 192 1937 cap.
210 1872 257 1929 34,
269 1864 305 1917 de
314 1864 395 1917 variis
404 1865 648 1917 calceamentorum
687 1874 734 1915 ‘ter
747 1862 869 1915 AEliauus
885 1879 917 1914 ex
927 1861 1016 1925 Jubs,
1031 1860 1101 1917 Hist.
1113 1858 1205 1918 Anius.

129 1945 285 2015 generibus,
306 1944 406 1997 similes
431 1944 507 1997 luere
528 1943 646 1997 nostris:
691 1941 740 1995 lib.
754 1942 818 2005 XV,
830 1961 888 2014 cap.
904 1942 932 1994 8.
942 1940 1035 1993 Hauc.

134 2024 210 2079 ‹Per
223 2025 328 2097 plautus
343 2024 462 2089 consuti,
481 2042 598 2095 quorum
612 2041 648 2077 ex
735 2024 780 2077 18.
790 2022 874 2095 Myos.
884 2020 954 2083 Mtte
965 2020 1096 2075 Athenaeo
1107 2018 1206 2074 dicuu-

129 2105 272 2177 supeuiore
291 2115 368 2176 parte
385 2104 500 2175 corrigia
522 2103 647 2168 trahitur,
690 2113 748 2167 tur,
764 2103 812 2156 lib.
834 2103 895 2167 111,
913 2120 974 2173 pag.
994 2097 1205 2165 86;1tioscoridi

131 2196 163 2237 ut
175 2185 422 2256 constringantur.»
436 2183 527 2239 Huc.
541 2212 583 2223 --
593 2184 647 2237 Nee
688 2182 737 2237 lib.
756 2184 798 2248 11,
813 2200 872 2251 cap.
894 2201 923 2252 7,
936 2183 1038 2249 μὺσκσς.
1052 2178 1145 2235 Hinc.
1163 2211 1204 2225 -·

130 2262 647 2334 aepidemmtansumobserigr'llissedton's
689 2262 765 2331 Myos
777 2263 910 2334 appellum.
930 2259 1008 2313 Tales
1026 2257 1109 2313 bodie
1130 2276 1205 2330 repe·

129 2344 234 2397 emulis
253 2344 357 2396 addunt.
370 2344 461 2415 Vulgo
480 2343 645 2413 obstragnlis:
688 2343 797 2396 riantur
816 2342 845 2395 in
860 2339 1029 2413 gelidissimis
1042 2337 1203 2412 quibusdam

129 2425 327 2489 sumansuh,
343 2424 386 2477 vel
403 2423 524 2495 corrigias
548 2424 646 2494 quibus
676 2420 874 2475 'Arvernorum
893 2420 959 2475 rivis
983 2432 1010 2473 et
1030 2419 1202 2475 torrentibus.

128 2502 334 2575 adstringuntur
351 2502 479 2575 crepido,
494 2503 581 2557 Greci
600 2504 646 2556 its·
731 2520 777 2569 ¹9·
800 2503 890 2577 Papus.
909 2499 1067 2555 Graecorum
1088 2499 1203 2570 appella·

128 2585 201 2645 mot<
215 2581 412 2645 vocant,unde
421 2582 540 2637 bustuali
548 2578 645 2640 trott-
688 2582 791 2635 tionem
810 2580 927 2635 latinitas
946 2579 1079 2633 servarits
1108 2579 1142 2633 ab
1169 2580 1202 2633 iis

130 2662 296 2735 pers,apud
302 2663 588 2718 Dicaerchumsrm.
596 2663 643 2719 ⁵6.
687 2662 761 2715 euim
768 2663 840 2719 πίννη
853 2674 880 2715 et
890 2661 965 2713 πὶννσ
973 2657 1081 2713 dicitur.
1091 2658 1202 2713 Duabus¹

175 2747 222 2797 16.
240 2745 312 2797 Totis
326 2744 436 2798 socculis.
450 2743 521 2799 Soeci
529 2783 537 2810 ,
556 2744 645 2814 iuquit
687 2739 833 2813 grandibus
847 2739 936 2812 patula
954 2750 993 2793 est
1012 2739 1128 2827 conphis.
1144 2740 1202 2793 Icu-

128 2824 240 2894 Papias.
254 2844 303 2877 nm
321 2826 445 2893 ligemur,
459 2824 505 2877 sed
522 2826 644 2877 intromit-
686 2840 747 2875 nem
759 2820 935 2877 llondeletius
947 2818 1068 2881 exhibet,
1081 2817 1115 2871 de
1126 2818 1199 2871 Test.

129 2915 223 2957 emur.
241 2903 364 2957 aPlinio
373 2904 464 2975 caligis
477 2903 578 2959 soeculi
591 2923 643 2976 op·
687 2902 735 2957 tib.
756 2903 786 2966 1,
807 2917 866 2973 cap.
892 2902 938 2963 48.
956 2898 1041 2953 Gallis
1062 2900 1200 2953 communi

126 2996 277 3055 ponuntur.
287 2984 351 3038 Non
361 2985 434 3048 solae,
446 2985 549 3056 inquit,
560 2984 644 3037 corri-
686 2981 827 3049 vocubulo,
835 3000 915 3035 mere.
926 2980 1019 3033 Huc.

125 3064 179 3135 gire
187 3064 334 3135 caligarum
345 3065 492 3118 unionibus
506 3063 642 3117 interstin·
727 3081 770 3117 no.
780 3062 876 3115 Pestici
887 3064 984 3113 inrecto.
999 3058 1057 3111 Hoc
1068 3070 1116 3122 est,
1126 3070 1198 3113 secto

126 3142 482 3215 cresuntzsedtotumjsm
490 3143 642 3197 calcemum
685 3156 712 3195 et
726 3141 811 3195 inciso
824 3140 943 3211 margine
959 3150 1098 3202 extremo,
1116 3148 1147 3189 ut
1169 3138 1199 3191 iu

127 3223 345 3294 integumentum
357 3223 391 3277 iis
405 3236 541 3289 oneratur,
557 3241 588 3277 ac
602 3237 641 3276 te·
685 3221 846 3294 pectinibus.
883 3218 1098 3281 Androsthenes·
1132 3215 1198 3270 ‘1¹¹¹ss

126 3304 211 3374 gitur.
232 3303 325 3358 Haan.
349 3334 391 3345 -
408 3302 516 3357 Soeenls's
537 3302 641 3357 addunt
684 3303 778 3357 scribit
797 3298 870 3375 apud
883 3300 1056 3361 Athenaeum.
1079 3296 1128 3351 lib.
1138 3298 1199 3362 111,

126 3381 286 3437 Tertullian.
298 3382 346 3436 lib.
360 3382 394 3436 de
410 3384 503 3452 babitu
511 3382 640 3454 virginis:
684 3400 746 3454 pag.
764 3381 801 3451 93
816 3400 823 3435 :
840 3382 878 3435 Οὐ
899 3376 1047 3450 διέγλυπται
1070 3371 1111 3429 tt·
1135 3376 1198 3432 ἀλλὰ

129 3490 143 3511 ι
156 3463 254 3517 latent
267 3462 424 3534 incingulis
435 3462 642 3535 smaragdizey·
682 3465 743 3515 λεῖον
766 3464 795 3514 τὸ
817 3462 920 3531 tepuere
945 3460 1013 3527 ἱχει,
1038 3454 1080 3511 sul
1106 3452 1174 3511 luel
1189 3474 1207 3511 :-

125 3541 229 3597 lindras
248 3543 348 3614 raginus
370 3562 425 3597 suas
445 3544 517 3597 solus
537 3542 641 3614 gladius
683 3554 741 3595 tum
757 3541 802 3595 ille
817 3560 872 3594 uon
886 3538 1014 3593 Arabicas
1024 3536 1138 3591 conchas
1153 3534 1199 3591 de·

125 3624 180 3677 sub
201 3622 263 3676 sinu
283 3624 377 3677 norit:
398 3636 426 3677 et
445 3625 475 3678 in
493 3624 639 3695 peronibus
681 3617 1198 3689 scribit,sed1ndicas,utipseprulatus.

126 3701 636 3776 unionesemergeredelutocupiunt·
684 3700 767 3768 Quod
799 3704 913 3753 insertam
942 3698 1079 3772 pectinum
1116 3696 1198 3751 modo

125 3782 271 3848 unitus,
294 3783 330 3837 de
351 3783 501 3854 Margaritis
530 3796 558 3837 et
583 3784 641 3837 aliis
684 3782 788 3850 Plinius
797 3794 873 3835 vorat
885 3780 933 3835 lib.
944 3780 1096 3848 XV1,cap.
1110 3776 1157 3841 38,
1169 3776 1198 3831 id

126 3863 248 3933 gemis,
260 3863 309 3916 lib.
318 3865 355 3917 V:
370 3865 495 3936 «Perque
501 3876 581 3935 caput
592 3861 641 3916 du·
684 3862 947 3933 Theophrastumque
964 3858 1088 3931 appellat.
1105 3856 1197 3911 Hsnn.

126 3943 164 3997 cti
182 3941 302 4015 lapides,
316 3961 366 4015 per
380 3946 463 4003 oolla,
478 3960 640 4014 mnusque,
683 3940 840 3995 -Ss'ms'lem
849 3944 942 4013 pectini
952 3940 1047 3993 aeaco.
1058 3939 1199 3999 Insertum,

125 4024 162 4077 Et
178 4021 294 4094 pedihus
314 4023 399 4077 niveis
417 4025 550 4077 fulserunt
560 4042 640 4078 aurea
684 4019 938 4092 σὺδισγσγλσμμὲνσν
951 4020 1106 4081 Athenaeus,
1121 4016 1199 4071 mini·

125 4103 214 4159 vincla
227 4128 253 4156 ι.
263 4104 363 4157 Chares
378 4104 547 4176 Mitylenaeus
567 4103 640 4173 apud
684 4122 727 4155 me
738 4103 868 4167 striatam,
878 4114 923 4154 aut
934 4101 1063 4155 celatam.
1077 4098 1178 4149 Danau.

126 4184 291 4237 Atbeununr
308 4184 402 4239 scribit
429 4203 461 4237 ex
491 4184 640 4255 margaritis
727 4201 771 4237 ar.
800 4183 928 4235 Hirsutum
956 4181 1090 4233 celticorum
1123 4175 1200 4229 moda

1002 4272 1044 4380 94
