3200 5159
555 434 713 502 urana
739 435 808 502 rx.
1165 438 1216 529 49

137 585 206 634 nec
216 550 311 633 alibi³
328 562 502 633 fetificant.
516 552 678 658 Cordylal
695 562 903 659 appellantur
918 578 1044 660 partus,
1061 569 1118 697 spii
1132 566 1215 637 fetas

136 671 316 740 redeuntes
339 672 374 738 i'n
395 695 489 739 mare
511 685 671 739 autumno
694 671 922 739 comitantur:
946 669 1069 741 limosae
1113 697 1213 758 vere,

136 792 199 845 aut
218 803 237 845 e
263 775 335 846 luto
356 774 539 872 pelamides
561 778 723 871 incipiunt
742 777 855 846 vocari
871 803 879 845 :
896 790 930 845 et
941 802 1044 871 quum
1066 804 1215 850 annuum

136 948 226 1013 Quam
239 945 383 1001 lectionem
391 945 516 1000 ridentur
524 944 659 999 adstruere
702 942 766 997 ertu
776 984 783 1008 ,
793 947 918 1007 θαλάσσιος
937 948 1012 1014 ἰχθὺς,
1030 941 1084 1000 ἔνιοι
1100 948 1212 1020 replum.

136 1028 218 1080 verba
238 1036 301 1080 mox
322 1027 405 1099 paulo
422 1022 558 1099 sequentia
577 1038 584 1075 t
603 1028 659 1077 cora
701 1024 857 1078 mirentur.
870 1026 958 1079 Anim.
972 1028 1020 1081 lib.
1030 1030 1087 1094 vt,
1100 1050 1160 1105 cup.
1170 1036 1212 1099 ιθ,

135 1109 198 1171 dyle
212 1110 462 1175 appellatur-paruas,
482 1108 526 1172 qui
533 1106 604 1174 serm
616 1124 656 1155 rr·
700 1122 762 1175 pag.
782 1104 1001 1182 mammillae
1011 1109 1049 1187 ait
1066 1112 1212 1183 appellari,

135 1188 239 1237 deantes
254 1190 279 1237 in
295 1205 365 1237 mare
375 1200 494 1236 autumno
503 1186 655 1259 nominatur.
701 1183 994 1259 easdemaByzantinir
1005 1188 1119 1257 retitur,
1131 1212 1165 1246 ex
1178 1214 1210 1247 eo
1235 1196 1239 1201 ’

134 1265 197 1317 Nou
212 1264 293 1329 dixit,
307 1284 426 1333 magnum
441 1283 520 1326 mare,
532 1260 579 1316 sed
593 1264 656 1316 sim·
698 1262 770 1334 quod
778 1263 1212 1340 diebuspaucisuugenturflann.

133 1344 243 1415 pliciter
264 1364 344 1396 mare.
365 1343 441 1396 Puta.
467 1374 500 1383 -
523 1348 623 1393 lauant
642 1362 656 1393 e
735 1344 759 1397 5.
773 1347 878 1396 cimosae
895 1366 956 1398 vero
973 1368 989 1398 a
1004 1354 1054 1401 luto
1068 1355 1206 1420 pelamides

134 1443 228 1491 aeguo
241 1428 316 1475 mari.
329 1424 433 1493 Nempe
444 1420 654 1475 Mediterraneo:
698 1423 816 1489 incipiunt
829 1428 925 1477 vocari.
944 1425 1046 1480 Ioum
1069 1428 1141 1485 hunc
1164 1448 1212 1484 eus

134 1502 173 1554 sic
187 1501 310 1555 Isidorus
322 1502 439 1572 exponit.
451 1501 543 1554 Cicero
557 1517 571 1551 e
585 1518 653 1571 quo·
697 1499 788 1555 dacter
802 1504 839 1556 sic
852 1504 1042 1561 restituendum
1054 1511 1204 1567 contendo:

133 1580 197 1633 dam
206 1592 314 1635 vetusto
324 1592 402 1652 poeta
417 1600 424 1632 t
441 1603 452 1625 ι
463 1578 653 1653 Jumquemari
697 1584 807 1632 Reversus
820 1603 880 1635 vere
900 1604 918 1635 a
931 1590 981 1637 luto
993 1592 1129 1655 priamidae
1148 1594 1210 1643 inci·

133 1668 235 1731 magno
252 1660 345 1713 classis
359 1659 410 1711 cita
422 1659 527 1711 texitur.
540 1684 552 1703 ι
566 1658 651 1711 Turn.
693 1662 1031 1727 praemoneremur·
1042 1666 1109 1720 libro
1118 1681 1207 1723 sexto:

134 1739 248 1792 Advers.
267 1740 315 1793 lib.
335 1740 420 1805 xlx,
445 1756 503 1810 cap.
518 1757 561 1790 ao.
583 1738 650 1791 Der.
697 1737 822 1813 «Eodem
848 1741 962 1796 redeunt
982 1764 1065 1798 verno
1089 1760 1208 1821 tempore

133 1820 256 1872 —Beue
265 1819 463 1889 Delecampius.
474 1818 542 1870 Nam
557 1834 652 1887 magno
692 1819 749 1887 jam
769 1817 870 1891 adeptu
893 1840 950 1875 eam
976 1825 1204 1898 magnitudinem,

134 1901 202 1951 muri
223 1898 416 1971 Propontidem
432 1898 532 1968 ipsam,
549 1908 652 1950 caeteru-
694 1914 746 1966 qua
763 1898 907 1968 pelamide's
927 1914 1024 1955 nomen
1047 1906 1207 1979 iccipiunt..

133 1999 188 2051 que
207 1978 402 2033 mediterranea
421 1976 503 2030 maria
524 1994 595 2029 nunc
614 1976 650 2028 si·
693 1974 771 2029 Pmr.
782 1983 930 2032 -Lr'moroe
937 2002 1005 2045 vere,
1016 1999 1086 2037 aute
1101 1992 1206 2058 lucope-

132 2060 210 2129 gnari
222 2058 314 2123 docet,
330 2058 411 2111 Armi.
420 2057 489 2110 Hirr.
498 2055 587 2108 Anim.
603 2055 649 2109 lib.
693 2058 796 2109 tumidos
811 2061 931 2125 incipiunt
947 2065 1044 2115 uocari.
1059 2066 1098 2117 Iu
1111 2069 1204 2123 rescri.

133 2139 217 2200 VIII,
230 2156 290 2209 cap.
304 2140 336 2191 16
344 2178 356 2209 ,Ι
363 2155 425 2208 pag.
436 2155 500 2205 9²²2
515 2146 540 2187 et
551 2131 648 2187 isidor.
692 2134 808 2203 primus,
818 2136 954 2192 admonitu
969 2141 1091 2196 codicum
1101 2148 1164 2219 Reg.
1181 2167 1205 2217 1,

133 2219 208 2289 Orig.
227 2217 276 2270 lib.
292 2218 375 2281 XIII,
393 2236 454 2288 cap.
480 2218 529 2269 16:
551 2239 562 2260 ι
574 2214 649 2267 Mare
693 2233 717 2279 a,
728 2214 846 2269 Colbert.
862 2236 885 2283 r,
898 2238 929 2283 a,
943 2220 1024 2273 Paris.
1043 2223 1133 2278 Chilll.
1147 2240 1198 2284 etc.

133 2316 262 2369 magnum
280 2309 336 2362 est,
357 2296 431 2369 quod
454 2297 488 2349 ab
502 2314 597 2348 occasu
616 2314 647 2349 ex
690 2293 823 2367 ipsiusque
834 2295 987 2352 Aristotelis.
1002 2302 1101 2356 Parum
1114 2320 1203 2363 exacte

133 2394 234 2431 oceano
247 2376 356 2441 influit,
369 2376 435 2429 etin
447 2372 583 2427 meridiem
592 2393 648 2429 ver·
689 2374 804 2428 Pintiau.
816 2378 999 2446 Aristotelem,
1014 2382 1061 2435 sed
1070 2384 1103 2437 de
1112 2386 1202 2455 libito,

133 2457 185 2527 git,
203 2455 302 2509 deinde
312 2454 348 2509 ad
366 2455 578 2527 septemtrionem
591 2466 647 2507 teu·
688 2454 774 2519 vertit.
783 2455 839 2519 Qui
853 2454 888 2509 de
899 2457 1014 2531 cordylis
1024 2462 1053 2515 in
1063 2464 1147 2519 Ponto
1156 2467 1200 2540 g'e-

132 2534 182 2587 dit.
195 2534 277 2600 Quod
283 2535 480 2605 indemagnum
489 2534 644 2605 appellatur,
688 2531 749 2585 uitis
759 2568 767 2591 .
777 2534 828 2599 tic,
841 2534 907 2587 Ilist.
917 2538 1026 2603 Anvl,
1040 2545 1083 2606 16,
1092 2563 1121 2616 p.
1129 2566 1197 2617 712:

130 2615 194 2687 quia
207 2616 435 2669 ceteramarieiu
446 2615 645 2687 comparatione
688 2611 733 2663 «E
748 2613 966 2686 l‘onto,inquit‚
991 2638 1044 2673 unu
1061 2640 1122 2676 cum
1137 2616 1196 2680 letis

132 2698 188 2769 ejus
203 2697 311 2750 minora
327 2710 397 2749 sunt.
412 2695 487 2749 Istud
507 2708 545 2750 est
562 2695 643 2749 medi·
686 2691 795 2763 thynnis
808 2707 936 2751 autumno
950 2717 1062 2769 exeunt,
1074 2726 1135 2761 vere
1150 2729 1196 2765 eu·

130 2787 301 2842 terraneam,
331 2787 405 2829 etc.»
431 2774 586 2846 Gregutim‚
612 2794 644 2828 rc
686 2780 739 2823 lem
753 2772 922 2847 intrant,ja1n
933 2780 1076 2848 pelamides
1085 2788 1196 2842 existen-

132 2857 212 2909 veluti
228 2856 375 2928 composita
394 2856 465 2916 acie,
480 2854 560 2908 modo
572 2866 643 2923 octo·
685 2861 740 2903 tes:
751 2877 765 2897 ι
778 2855 906 2913 curtinum
920 2854 950 2910 tt
958 2867 999 2913 τοῦ
1009 2864 1087 2934 ἔαρος,
1097 2865 1147 2924 ἤδη
1157 2866 1196 2924 οὗ.

131 2954 190 2998 nor,
202 2935 375 2991 modoetiam
385 2934 511 2989 sexdenos
520 2932 642 2987 incedere
684 2948 725 2981 σαι
743 2930 886 3002 valeriis<-
900 2936 969 2991 Editi
985 2940 1113 3000 hacteuus
1130 2947 1194 3001 libri

131 3034 144 3065 a
159 3015 227 3068 freto
242 3015 377 3069 Gaditano
390 3013 425 3068 ud
437 3013 549 3067 Pontum
559 3031 641 3084 usque
683 3009 711 3061 in
726 3010 890 3066 barbarismo
906 3020 1027 3072 unanimi
1047 3024 1134 3091 luere,
1155 3028 1194 3081 sic

130 3093 257 3167 thynnos,
274 3096 417 3149 observent
428 3093 560 3166 hodieque
573 3114 638 3148 nau·
680 3088 847 3145 exhibentes:
860 3098 964 3149 Limum
972 3119 999 3152 o.
1007 3122 1025 3151 o
1034 3108 1093 3158 luto.
1101 3106 1193 3179 Thyn·

129 3186 177 3239 te,
192 3193 249 3227 non
259 3175 317 3228 sine
329 3175 483 3246 uoluptate,
496 3187 526 3227 ut
543 3188 638 3229 auctor
681 3169 858 3241 uulneraque
865 3173 975 3243 Plinius,
983 3198 1066 3250 quum
1074 3185 1192 3254 primum

128 3264 165 3305 est
191 3254 356 3317 Furuerius,
374 3253 509 3327 Hydrngr.
530 3252 575 3307 lib.
588 3254 636 3318 IV,
680 3262 767 3303 estate
778 3253 913 3318 nascitur,
933 3262 1062 3329 usquead
1073 3284 1192 3338 verpro·

128 3350 154 3402 p.
173 3334 232 3387 183.
247 3333 318 3387 Vide
329 3334 456 3387 Besilium
471 3333 499 3387 in
510 3333 636 3387 Heriem.
680 3328 794 3395 xlmum,
807 3338 909 3399 cordyla
918 3334 1016 3392 dicitur
1027 3359 1034 3392 :
1047 3341 1109 3397 iude
1121 3352 1192 3414 pola·

128 3410 217 3464 homst
228 3432 254 3483 7,
265 3432 348 3485 p,92.
357 3412 448 3467 ΗΜ.
681 3414 725 3462 mis
736 3413 862 3483 usquead
876 3430 995 3469 exactum
1009 3438 1110 3477 aunum
1123 3445 1131 3480 ε
1145 3428 1189 3481 iu.

161 3492 185 3543 3.
203 3497 258 3544 Nec
271 3493 455 3546 aauttsiuot
467 3492 535 3545 Hirt.
549 3493 636 3547 Auim.
681 3492 802 3561 sequenti
825 3511 991 3560 remano,
1015 3504 1126 3565 myrram.
1147 3508 1189 3560 Ita

125 3572 169 3623 lib.
182 3572 219 3635 V,
232 3573 334 3625 citante
351 3571 489 3625 Athenaeo.
505 3571 550 3625 lib.
564 3572 634 3639 VII,
680 3568 826 3632 Sostratus,
839 3572 996 3629 deAnimal.
1010 3579 1055 3631 lib.
1063 3584 1107 3647 II,
1116 3584 1189 3656 apud

124 3669 180 3722 pag.
195 3651 634 3724 319.solinusprriter,crp‚xn,
680 3649 776 3705 Athen.
791 3651 837 3705 lib.
849 3653 921 3719 VII,
934 3675 994 3727 pag.
1011 3659 1072 3713 303.
1085 3662 1188 3727 Dicitur

122 3748 184 3801 pag.
197 3732 243 3784 32,
259 3730 353 3785 Iliun.
679 3748 759 3800 porro
770 3732 875 3801 πηλψὶς
890 3733 932 3786 rel
943 3741 1068 3806 πηλαμὺς,
1084 3740 1187 3797 ἀπὸτοῦ

156 3818 182 3874 4.
194 3814 314 3875 cordyla.
326 3812 358 3863 Iu
369 3810 461 3864 Indice
469 3809 548 3882 hujus
561 3810 635 3873 libri,
679 3817 763 3875 umet,
775 3810 803 3863 id
815 3822 889 3877 est,a
901 3812 958 3865 luto
967 3814 1188 3887 inquonascitur,

121 3894 245 3956 Cordylae.
257 3890 338 3943 Idetri
348 3889 502 3943 lottecaum
516 3894 635 3955 Cordylloe
679 3900 709 3941 ut
731 3890 767 3943 uit
785 3890 894 3945 Festus:
917 3894 961 3948 rel
982 3898 1052 3967 rupit
1068 3902 1096 3954 τὸ
1116 3905 1139 3954 lu
1152 3911 1186 3973 τῷ

118 3968 250 4023 Martialis
267 3968 316 4022 lib.
329 3970 389 4031 III,
410 3968 480 4041 epig.
500 3988 530 4033 a,
545 3980 570 4021 et
588 3966 633 4021 tib.
678 3976 746 4039 πηλῷ
760 3970 919 4042 μύειν,(]ιιοά
932 3971 959 4026 in
973 3994 1049 4029 coeuo
1061 3997 1088 4032 se
1099 3983 1188 4035 occula

116 4046 297 4119 X111‚epigr.
317 4066 338 4101 r.
361 4049 394 4099 At
408 4048 551 4121 Hesychia,
565 4050 635 4119 tm'p·
679 4060 724 4101 tat.
737 4048 825 4104 Hrun.
840 4062 866 4103 et
879 4054 924 4105 Ar.

164 4158 234 4225 JV.
1004 4170 1027 4251 r,
