3200 5159
396 522 424 647 6¹
530 630 538 639 .
661 578 701 644 C.
731 578 902 646 PLINII
929 575 1039 642 NAT.
1068 576 1198 642 HIST.

395 712 494 781 etiarn
515 732 582 803 qua
600 708 780 779 humanam
808 708 952 804 effigiem
979 695 1132 775 babentl.
1161 708 1316 801 Namque
1339 707 1412 781 haec
1433 710 1467 776 in

394 816 511 889 eodem
533 828 681 911 spectata
700 814 811 885 littore
826 831 896 901 est,
918 814 1013 907 cujus
1033 814 1205 883 morientis
1224 815 1323 881 etiam
1345 816 1466 909 ganni-

394 908 486 995 tum⁵
509 923 636 995 tristem
662 922 783 993 accolae
810 922 967 990 audivere
992 919 1102 1013 longe.
1127 922 1173 988 Et
1197 920 1286 988 Divo
1314 923 1466 1015 Augusto

389 1030 521 1125 legatus
548 1014 684 1098 Galliae⁶
702 1027 890 1123 complures
914 1029 949 1095 in
974 1026 1085 1095 littore
1110 1050 1271 1121 apparere
1298 1028 1465 1097 exanimes

360 1168 374 1201 ι
392 1135 553 1207 Nereidas
572 1136 710 1230 scripsit.
726 1138 889 1204 Auctores
901 1133 1010 1202 haheo
1019 1136 1053 1201 in
1064 1134 1209 1227 equestri
1225 1132 1341 1202 ordine
1355 1132 1466 1229 splerr

313 1282 317 1291 ,
391 1242 507 1315 dentes
518 1296 528 1328 ,
539 1244 646 1313 visum
664 1242 707 1310 ab
726 1242 831 1312 bisin
844 1239 1012 1310 Gaditano
1020 1242 1158 1309 Oceam
1169 1241 1336 1309 marinum
1355 1239 1464 1310 homi·

391 1348 503 1433 nem⁷‚
524 1363 595 1421 toto
617 1372 757 1443 corpore
779 1346 931 1417 absoluta
946 1345 1182 1415 similitudine:
1202 1345 1382 1415 ascendere
1401 1369 1464 1415 na-

391 1458 478 1551 vigia
499 1456 671 1527 nocturnis
701 1454 926 1551 temporibus,
948 1454 1125 1547 statimque
1153 1452 1351 1547 degravari,
1381 1476 1464 1547 quas

391 1561 564 1645 insederit,
583 1576 715 1655 partes:
739 1576 786 1643 et,
798 1559 832 1630 'si
851 1560 975 1629 diutius
993 1574 1208 1654 permaneat,
1227 1560 1326 1629 etiarn
1347 1562 1462 1653 mergi.

390 1667 524 1736 Tiberio
542 1669 708 1763 principe,
733 1681 850 1737 contra
866 1666 1098 1762 Lugdunensis
1116 1665 1297 1761 provinciae
1317 1664 1410 1735 littus
1429 1668 1462 1735 in

389 1760 516 1843 insula⁸
538 1772 633 1843 simul
651 1788 815 1843 trecentas
835 1771 976 1867 amplius
991 1770 1119 1843 belluas
1137 1774 1349 1867 reciprocans
1362 1771 1462 1841 desti·

389 1883 454 1949 tuit
471 1882 644 1965 Oceanus,
669 1880 761 1949 mirae
781 1881 948 1948 varietatis
966 1895 999 1947 et
1023 1878 1275 1973 magnitudinis,
1296 1902 1358 1947 nec
1375 1902 1462 1973 pau-

388 2123 496 2193 Orpheo
509 2123 536 2177 in
554 2120 821 2193 Argonautdeorum
834 2120 902 2173 anti·
982 2124 1007 2171 6.
1031 2127 1137 2187 eogaen
1163 2124 1262 2173 Gallia.
1282 2122 1385 2192 Nempe
1410 2121 1463 2173 Lu·

389 2200 562 2271 quissimnm,
576 2201 689 2272 Virgilio
708 2198 900 2272 grauidaeruut3
943 2198 1180 2275 gdnnensis.1dem
1191 2199 1463 2270 Legntus,liector,et

388 2280 489 2335 Oceani
501 2292 527 2335 et
535 2279 653 2351 Tethyos
667 2281 751 2333 filium
769 2298 803 2333 ex
817 2278 902 2331 imita·
944 2277 1093 2349 Proprietas
1108 2276 1213 2342 dictus,
1233 2277 1305 2349 apud
1322 2278 1462 2341 Taciturn,

388 2360 458 2412 tione
471 2359 634 2431 Pherecydis
647 2359 734 2433 Syrii,
756 2358 903 2413 mticism-
946 2356 1086 2411 Annalium
1100 2356 1149 2408 lib.
1163 2358 1197 2418 1,
1210 2354 1280 2408 tt'et
1291 2357 1342 2408 111.
1355 2356 1448 2410 tium.

388 2451 441 2493 tem
456 2452 481 2493 et
498 2440 585 2493 futura
600 2439 786 2510 predicentem
800 2438 902 2491 inducit
981 2440 1139 2506 pilanum
1146 2440 1277 2487 bominem.
1283 2436 1400 2500 Qualem
1407 2456 1461 2489 ma-

389 2520 514 2573 Horatius
530 2519 618 2573 Protei
631 2518 720 2573 modo.
738 2516 821 2573 Hadr.
839 2519 901 2572 Jun.
943 2516 1034 2569 rinum
1045 2515 1208 2567 Monachum
1220 2515 1354 2586 superiora
1365 2516 1462 2567 seculo

389 2599 440 2661 IV,
450 2618 490 2651 aa.
501 2596 903 2669 Tritonisflguram,qualissit,
944 2609 1050 2667 captum
1067 2596 1096 2647 in
1113 2594 1246 2665 Norregia
1265 2596 1371 2648 imunt:
1394 2595 1461 2666 Epi-

388 2678 586 2733 nccuratissime
604 2676 729 2733 describit
743 2676 901 2737 Pausanias,
944 2675 1018 2746 scopi
1029 2692 1137 2745 quoque
1145 2673 1239 2725 babitu
1249 2673 1334 2726 visum
1344 2674 1460 2726 elterum

389 2771 416 2811 et
426 2759 531 2811 Vitrur.
542 2758 576 2811 de
585 2757 726 2812 Architect.
736 2757 785 2810 lib.
796 2758 827 2819 1,
838 2776 861 2809 c.
873 2758 903 2818 6,
944 2756 973 2808 in
990 2753 1114 2812 Polonia,
1133 2772 1205 2805 anuo
1219 2753 1296 2810 1531.
1315 2753 1461 2825 Utriusque

389 2850 414 2891 et
428 2837 498 2891 Hue.
512 2837 598 2891 Goltn.
615 2836 702 2891 Graec.
719 2837 778 2889 Ver.
795 2836 849 2887 tab.
868 2836 903 2897 1,
944 2835 1050 2887 iconem
1069 2832 1172 2886 exbibet
1190 2831 1377 2896 Bondeletins,
1392 2833 1461 2886 libro

390 2924 446 2978 nl
466 2928 491 2969 et
510 2920 541 2979 6,
559 2929 608 2969 etc.
624 2916 704 2988 Apud
720 2916 902 2969 Alexandrum
945 2913 1099 2983 XVI,cap.
1112 2932 1146 2965 ao
1158 2925 1184 2964 et
1196 2931 1238 2966 ar.
1250 2912 1329 2965 Plura
1340 2912 1459 2984 exempla

391 2997 424 3049 ab
437 2995 598 3061 Alexandro,
612 2996 658 3049 tib.
669 2996 731 3059 111,
746 3014 769 3049 c.
782 2996 815 3055 8,
830 2994 901 3049 Gaza
943 2994 1008 3045 ride
1029 2991 1101 3065 apud
1125 2992 1270 3057 biaiolum,
1291 2992 1395 3063 Colloq.
1414 2994 1458 3055 11,

390 3074 531 3129 Nereidem
550 3076 577 3129 iu
592 3074 749 3146 Peloponesi
764 3074 838 3126 littus
849 3078 902 3147 eje·
945 3090 1004 3143 pag.
1019 3071 1062 3129 36.
1077 3072 1165 3123 lirun.
1183 3102 1219 3112 -
1230 3072 1354 3124 Juvenal.
1370 3073 1459 3145 Satyr.

389 3166 457 3207 ctam
474 3153 558 3221 vidit,
578 3152 769 3224 Trapezuntius
787 3153 817 3205 in
834 3153 901 3206 mari
948 3158 998 3213 14:
1017 3149 1150 3205 «Grande
1168 3168 1258 3221 opera
1274 3151 1388 3221 pretium
1404 3164 1459 3213 eat,

389 3245 540 3298 natantem,
562 3233 725 3285 Draconetns
751 3230 902 3285 bonifacius
944 3242 973 3281 nt
987 3240 1062 3281 tenso
1075 3228 1138 3281 folle
1155 3229 1254 3282 reverti
1266 3228 1336 3282 Inde
1348 3229 1459 3283 domum

388 3310 578 3383 Neapolitanus
595 3310 733 3363 Tritonem
750 3310 827 3365 melle
842 3329 903 3363 con-
944 3309 1044 3379 possin,
1057 3306 1214 3380 tumidaque
1226 3309 1357 3380 superbus
1370 3310 1458 3371 aluta,

388 3386 471 3443 ditum
482 3430 489 3453 ,
502 3391 578 3443 multi
587 3390 675 3443 vivum
688 3400 794 3461 captum
808 3389 836 3441 iu
847 3407 901 3441 rna·
944 3387 1045 3441 Oceani
1060 3399 1176 3439 monstra
1193 3400 1220 3440 et
1235 3389 1346 3460 juvenen
1362 3387 1458 3441 vidisse

388 3470 482 3525 ritimis
496 3468 579 3540 Epiri.
591 3470 693 3523 Danao.
945 3467 1073 3519 marinos.
1083 3492 1095 3515 ι
1107 3467 1210 3521 Dima

424 3557 449 3613 4.
460 3551 573 3616 Sqnamis
594 3551 666 3599 raudo
682 3550 777 3615 bispida
790 3566 898 3615 comere,
981 3548 1006 3599 8.
1027 3550 1116 3599 &anua
1134 3551 1307 3613 Lugdunensis
1321 3551 1458 3614 pmeirrer'oe

387 3632 460 3679 etiarn
477 3647 525 3695 qno
538 3632 671 3679 kamaram
682 3629 786 3695 effigiem
799 3630 899 3680 Ιιαῠοιιι.
945 3629 1001 3677 litus
1024 3629 1049 3676 in
1075 3629 1167 3678 insula.
1188 3625 1312 3679 Scribere
1336 3626 1457 3686 mallent.

387 3706 531 3776 Exemplar
541 3704 761 3769 salmanticense,
778 3709 861 3757 Etiam
875 3709 900 3757 in
947 3731 958 3753 ι
978 3708 1077 3763 Conna
1101 3705 1288 3777 Lugdunensis
1313 3708 1457 3776 provincia

388 3806 440 3853 qua
455 3785 537 3855 legit,
552 3804 604 3837 nou
624 3786 694 3835 etiam
713 3788 738 3835 in
760 3805 817 3851 quc.
830 3787 900 3839 Scri·
944 3786 1007 3839 litus
1026 3784 1191 3855 impulsus»
1206 3798 1235 3837 ut
1245 3784 1334 3855 eapite
1345 3804 1457 3857 aequm-

385 3863 505 3919 bendum
523 3882 619 3918 eerrseo
628 3901 637 3926 ,
657 3864 798 3933 «squamis
816 3864 896 3917 modo
939 3876 974 3924 te,
987 3876 1034 3917 «et
1046 3863 1113 3917 dum
1122 3865 1241 3936 saginam
1251 3864 1455 3937 pusequiturin

384 3943 491 4015 hispido
505 3962 632 4014 corpore,
645 3944 713 3995 utin
723 3944 896 4014 aquahuma·
940 3944 1002 3999 litus
1023 3942 1149 3997 fluctibns
1163 3947 1297 4017 propulsa.
1308 3970 1322 3989 ι
1333 3944 1412 3997 Patr.
1421 3976 1455 3988 -·

383 4042 445 4077 nam
458 4023 572 4093 effigiem
583 4022 728 4075 habente·
743 4022 820 4076 Prrrr.
940 4028 970 4074 1·
982 4026 1073 4075 inula.
1084 4024 1231 4093 lgnoln'lem
1246 4023 1327 4075 fuisse
1335 4022 1405 4075 bane
1416 4023 1456 4076 in-

419 4104 444 4157 5.
457 4105 599 4155 Ganrritarn.
612 4102 702 4153 Festus
713 4120 719 4156 :
731 4101 894 4165 «Gannitie,
940 4102 1022 4154 sulam
1035 4120 1139 4155 necesse
1149 4116 1202 4164 est,
1213 4120 1273 4175 quta
1280 4103 1392 4175 proprio
1404 4122 1454 4156 no·

382 4200 482 4237 canunt
492 4180 605 4251 querula
620 4180 805 4235 murmuratio.
820 4206 833 4227 ι
844 4181 877 4233 Η.
940 4182 1012 4235 mine
1032 4182 1155 4237 caruerit.
1175 4182 1306 4237 Ceterum
1322 4182 1454 4236 Pintianns
