<?xml version="1.0" encoding="UTF-8"?>
<!DOCTYPE html PUBLIC "-//W3C//DTD XHTML 1.0 Transitional//EN"
    "http://www.w3.org/TR/xhtml1/DTD/xhtml1-transitional.dtd">
<html xmlns="http://www.w3.org/1999/xhtml" xml:lang="en" lang="en">
 <head>
  <title>
</title>
<meta http-equiv="Content-Type" content="text/html;charset=utf-8" />
  <meta name='ocr-system' content='tesseract 3.04.00' />
  <meta name='ocr-capabilities' content='ocr_page ocr_carea ocr_par ocr_line ocrx_word'/>
</head>
<body>
  <div class='ocr_page' id='page_1' title='image "./caiipliniisecun03unkngoog_0359.png"; bbox 0 0 3200 5159; ppageno 0'>
   <div class='ocr_carea' id='block_1_1' title="bbox 602 439 1239 521">
    <p class='ocr_par' dir='ltr' id='par_1_1' title="bbox 602 439 1239 521">
     <span class='ocr_line' id='line_1_1' title="bbox 602 439 1239 521; baseline 0.014 -14"><span class='ocrx_word' id='word_1_1' title='bbox 602 441 756 508; x_wconf 89' lang='lat' dir='ltr'><strong>LIBER</strong></span> <span class='ocrx_word' id='word_1_2' title='bbox 781 439 824 506; x_wconf 85' lang='lat' dir='ltr'><strong>X.</strong></span> <span class='ocrx_word' id='word_1_3' title='bbox 1173 443 1239 521; x_wconf 84' lang='lat'><strong>351</strong></span> 
     </span>
    </p>
   </div>
   <div class='ocr_carea' id='block_1_2' title="bbox 174 557 1274 986">
    <p class='ocr_par' dir='ltr' id='par_1_2' title="bbox 174 557 1274 986">
     <span class='ocr_line' id='line_1_2' title="bbox 230 557 1274 668; baseline 0 -26"><span class='ocrx_word' id='word_1_4' title='bbox 230 573 421 644; x_wconf 84' lang='lat' dir='ltr'>LXXXIV.</span> <span class='ocrx_word' id='word_1_5' title='bbox 454 557 596 665; x_wconf 79' lang='lat' dir='ltr'><strong>(mv.)</strong></span> <span class='ocrx_word' id='word_1_6' title='bbox 621 567 870 664; x_wconf 86' lang='lat' dir='ltr'><strong>Quaecumquc¹</strong></span> <span class='ocrx_word' id='word_1_7' title='bbox 888 570 1010 640; x_wconf 81' lang='lat' dir='ltr'><strong>animal</strong></span> <span class='ocrx_word' id='word_1_8' title='bbox 1028 576 1179 668; x_wconf 79' lang='lat' dir='ltr'><strong>pariunt,</strong></span> <span class='ocrx_word' id='word_1_9' title='bbox 1208 582 1274 653; x_wconf 78' lang='grc' dir='ltr'><strong>ἰιιι</strong></span> 
     </span>
     <span class='ocr_line' id='line_1_3' title="bbox 175 674 1242 777; baseline 0.007 -29"><span class='ocrx_word' id='word_1_10' title='bbox 175 680 284 772; x_wconf 80' lang='lat' dir='ltr'><strong>capita</strong></span> <span class='ocrx_word' id='word_1_11' title='bbox 298 681 439 777; x_wconf 88' lang='lat' dir='ltr'><strong>gignunt</strong></span> <span class='ocrx_word' id='word_1_12' title='bbox 455 674 657 748; x_wconf 85' lang='lat' dir='ltr'><strong>circumacto</strong></span> <span class='ocrx_word' id='word_1_13' title='bbox 673 677 734 746; x_wconf 95' lang='lat' dir='ltr'><strong>sub</strong></span> <span class='ocrx_word' id='word_1_14' title='bbox 748 679 881 746; x_wconf 83' lang='lat' dir='ltr'><strong>enixum</strong></span> <span class='ocrx_word' id='word_1_15' title='bbox 897 677 968 748; x_wconf 81' lang='lat' dir='ltr'><strong>fetu</strong></span> <span class='ocrx_word' id='word_1_16' title='bbox 981 704 990 748; x_wconf 74' lang='grc' dir='ltr'><strong>ε</strong></span> <span class='ocrx_word' id='word_1_17' title='bbox 1002 679 1082 750; x_wconf 85' lang='lat' dir='ltr'><strong>alias</strong></span> <span class='ocrx_word' id='word_1_18' title='bbox 1096 683 1132 751; x_wconf 92' lang='lat' dir='ltr'><strong>in</strong></span> <span class='ocrx_word' id='word_1_19' title='bbox 1146 700 1242 756; x_wconf 86' lang='lat' dir='ltr'><strong>utero</strong></span> 
     </span>
     <span class='ocr_line' id='line_1_4' title="bbox 174 781 1240 886; baseline 0.006 -31"><span class='ocrx_word' id='word_1_20' title='bbox 174 802 338 880; x_wconf 79' lang='lat' dir='ltr'><strong>porrecto.</strong></span> <span class='ocrx_word' id='word_1_21' title='bbox 358 781 619 879; x_wconf 87' lang='lat' dir='ltr'><strong>Quadrupedes²</strong></span> <span class='ocrx_word' id='word_1_22' title='bbox 645 799 817 878; x_wconf 78' lang='lat' dir='ltr'><strong>gestantur</strong></span> <span class='ocrx_word' id='word_1_23' title='bbox 836 787 978 854; x_wconf 83' lang='lat' dir='ltr'><strong>extensis</strong></span> <span class='ocrx_word' id='word_1_24' title='bbox 997 787 1040 856; x_wconf 83' lang='lat' dir='ltr'><strong>ad</strong></span> <span class='ocrx_word' id='word_1_25' title='bbox 1063 787 1240 886; x_wconf 89' lang='lat' dir='ltr'><strong>longitudi-</strong></span> 
     </span>
     <span class='ocr_line' id='line_1_5' title="bbox 174 883 1239 986; baseline 0.008 -26"><span class='ocrx_word' id='word_1_26' title='bbox 174 917 251 962; x_wconf 87' lang='lat' dir='ltr'><strong>nem</strong></span> <span class='ocrx_word' id='word_1_27' title='bbox 274 893 445 978; x_wconf 88' lang='lat' dir='ltr'><strong>cruribus,</strong></span> <span class='ocrx_word' id='word_1_28' title='bbox 465 905 499 962; x_wconf 87' lang='lat' dir='ltr'><strong>et</strong></span> <span class='ocrx_word' id='word_1_29' title='bbox 516 890 559 959; x_wconf 79' lang='lat' dir='ltr'><strong>ed</strong></span> <span class='ocrx_word' id='word_1_30' title='bbox 580 889 691 958; x_wconf 83' lang='lat' dir='ltr'><strong>alvum</strong></span> <span class='ocrx_word' id='word_1_31' title='bbox 721 914 816 960; x_wconf 84' lang='lat' dir='ltr'><strong>suam</strong></span> <span class='ocrx_word' id='word_1_32' title='bbox 836 890 1009 986; x_wconf 84' lang='lat' dir='ltr'><strong>applicatis</strong></span> <span class='ocrx_word' id='word_1_33' title='bbox 1029 918 1037 962; x_wconf 92' lang='lat'><strong>:</strong></span> <span class='ocrx_word' id='word_1_34' title='bbox 1057 883 1179 967; x_wconf 82' lang='lat' dir='ltr'><strong>homo³</strong></span> <span class='ocrx_word' id='word_1_35' title='bbox 1206 901 1239 968; x_wconf 91' lang='lat' dir='ltr'><strong>in</strong></span> 
     </span>
    </p>
   </div>
   <div class='ocr_carea' id='block_1_3' title="bbox 171 996 1239 1812">
    <p class='ocr_par' dir='ltr' id='par_1_3' title="bbox 171 996 1239 1812">
     <span class='ocr_line' id='line_1_6' title="bbox 174 996 1239 1094; baseline 0.006 -26"><span class='ocrx_word' id='word_1_36' title='bbox 174 1014 278 1068; x_wconf 87' lang='lat' dir='ltr'><strong>semet</strong></span> <span class='ocrx_word' id='word_1_37' title='bbox 290 997 524 1094; x_wconf 85' lang='lat' dir='ltr'><strong>conglobatus,</strong></span> <span class='ocrx_word' id='word_1_38' title='bbox 544 999 630 1066; x_wconf 87' lang='lat' dir='ltr'><strong>inter</strong></span> <span class='ocrx_word' id='word_1_39' title='bbox 650 996 716 1066; x_wconf 91' lang='lat' dir='ltr'><strong>duo</strong></span> <span class='ocrx_word' id='word_1_40' title='bbox 734 1013 843 1091; x_wconf 80' lang='lat' dir='ltr'><strong>genua</strong></span> <span class='ocrx_word' id='word_1_41' title='bbox 869 999 1004 1068; x_wconf 86' lang='lat' dir='ltr'><strong>naribus</strong></span> <span class='ocrx_word' id='word_1_42' title='bbox 1022 1002 1100 1070; x_wconf 83' lang='lat' dir='ltr'><strong>sitis.</strong></span> <span class='ocrx_word' id='word_1_43' title='bbox 1115 1004 1239 1088; x_wconf 80' lang='lat' dir='ltr'><strong>Molas,</strong></span> 
     </span>
     <span class='ocr_line' id='line_1_7' title="bbox 173 1090 1237 1198; baseline 0.008 -26"><span class='ocrx_word' id='word_1_44' title='bbox 173 1105 216 1173; x_wconf 87' lang='lat' dir='ltr'><strong>de</strong></span> <span class='ocrx_word' id='word_1_45' title='bbox 231 1105 351 1198; x_wconf 91' lang='lat' dir='ltr'><strong>quibus</strong></span> <span class='ocrx_word' id='word_1_46' title='bbox 368 1090 466 1174; x_wconf 72' lang='lat' dir='ltr'><strong>ante⁴</strong></span> <span class='ocrx_word' id='word_1_47' title='bbox 485 1103 640 1186; x_wconf 77' lang='lat' dir='ltr'><strong>diximus,</strong></span> <span class='ocrx_word' id='word_1_48' title='bbox 653 1105 743 1197; x_wconf 84' lang='lat' dir='ltr'><strong>gigni</strong></span> <span class='ocrx_word' id='word_1_49' title='bbox 759 1118 895 1198; x_wconf 88' lang='lat' dir='ltr'><strong>putant,</strong></span> <span class='ocrx_word' id='word_1_50' title='bbox 909 1105 968 1174; x_wconf 90' lang='lat' dir='ltr'><strong>ubi</strong></span> <span class='ocrx_word' id='word_1_51' title='bbox 981 1105 1099 1175; x_wconf 86' lang='lat' dir='ltr'><strong>mulier</strong></span> <span class='ocrx_word' id='word_1_52' title='bbox 1113 1135 1182 1179; x_wconf 91' lang='lat' dir='ltr'><strong>non</strong></span> <span class='ocrx_word' id='word_1_53' title='bbox 1197 1137 1237 1180; x_wconf 82' lang='lat' dir='ltr'><strong>ex</strong></span> 
     </span>
     <span class='ocr_line' id='line_1_8' title="bbox 173 1193 1237 1306; baseline 0.008 -28"><span class='ocrx_word' id='word_1_54' title='bbox 173 1235 280 1295; x_wconf 85' lang='lat' dir='ltr'><strong>mare,</strong></span> <span class='ocrx_word' id='word_1_55' title='bbox 297 1236 415 1281; x_wconf 87' lang='lat' dir='ltr'><strong>verum</strong></span> <span class='ocrx_word' id='word_1_56' title='bbox 436 1235 477 1279; x_wconf 83' lang='lat' dir='ltr'><strong>ex</strong></span> <span class='ocrx_word' id='word_1_57' title='bbox 497 1193 690 1304; x_wconf 86' lang='lat' dir='ltr'><strong>semetipsa⁵</strong></span> <span class='ocrx_word' id='word_1_58' title='bbox 708 1223 839 1279; x_wconf 81' lang='lat' dir='ltr'><strong>tantum</strong></span> <span class='ocrx_word' id='word_1_59' title='bbox 856 1214 1067 1306; x_wconf 87' lang='lat' dir='ltr'><strong>conceperit:</strong></span> <span class='ocrx_word' id='word_1_60' title='bbox 1083 1215 1157 1287; x_wconf 88' lang='lat' dir='ltr'><strong>ideo</strong></span> <span class='ocrx_word' id='word_1_61' title='bbox 1175 1243 1237 1287; x_wconf 90' lang='lat' dir='ltr'><strong>nec</strong></span> 
     </span>
     <span class='ocr_line' id='line_1_9' title="bbox 172 1304 1238 1418; baseline 0.006 -32"><span class='ocrx_word' id='word_1_62' title='bbox 172 1319 311 1386; x_wconf 82' lang='lat' dir='ltr'><strong>animari</strong></span> <span class='ocrx_word' id='word_1_63' title='bbox 319 1304 343 1403; x_wconf 81' lang='lat'><strong>⁶,</strong></span> <span class='ocrx_word' id='word_1_64' title='bbox 354 1319 430 1412; x_wconf 84' lang='lat' dir='ltr'><strong>quia</strong></span> <span class='ocrx_word' id='word_1_65' title='bbox 442 1341 510 1396; x_wconf 87' lang='lat' dir='ltr'><strong>non</strong></span> <span class='ocrx_word' id='word_1_66' title='bbox 525 1317 568 1385; x_wconf 91' lang='lat' dir='ltr'><strong>sit</strong></span> <span class='ocrx_word' id='word_1_67' title='bbox 583 1341 621 1384; x_wconf 84' lang='lat' dir='ltr'><strong>ex</strong></span> <span class='ocrx_word' id='word_1_68' title='bbox 641 1315 771 1385; x_wconf 91' lang='lat' dir='ltr'><strong>duobus</strong></span> <span class='ocrx_word' id='word_1_69' title='bbox 786 1334 794 1376; x_wconf 73' lang='grc' dir='ltr'><em>τ</em></span> <span class='ocrx_word' id='word_1_70' title='bbox 813 1316 1028 1413; x_wconf 85' lang='lat' dir='ltr'><strong>altricemque</strong></span> <span class='ocrx_word' id='word_1_71' title='bbox 1041 1319 1165 1391; x_wconf 84' lang='lat' dir='ltr'><strong>habere</strong></span> <span class='ocrx_word' id='word_1_72' title='bbox 1177 1349 1238 1418; x_wconf 89' lang='lat' dir='ltr'><strong>per</strong></span> 
     </span>
     <span class='ocr_line' id='line_1_10' title="bbox 172 1421 1234 1519; baseline 0.006 -27"><span class='ocrx_word' id='word_1_73' title='bbox 172 1448 208 1493; x_wconf 90' lang='lat' dir='ltr'><strong>se</strong></span> <span class='ocrx_word' id='word_1_74' title='bbox 218 1425 321 1492; x_wconf 81' lang='lat' dir='ltr'><strong>vitam</strong></span> <span class='ocrx_word' id='word_1_75' title='bbox 334 1423 438 1510; x_wconf 86' lang='lat' dir='ltr'><strong>illam,</strong></span> <span class='ocrx_word' id='word_1_76' title='bbox 447 1447 519 1516; x_wconf 82' lang='lat' dir='ltr'><strong>quae</strong></span> <span class='ocrx_word' id='word_1_77' title='bbox 536 1423 614 1493; x_wconf 83' lang='lat' dir='ltr'><strong>satis</strong></span> <span class='ocrx_word' id='word_1_78' title='bbox 625 1421 865 1516; x_wconf 85' lang='lat' dir='ltr'><strong>arboribusque</strong></span> <span class='ocrx_word' id='word_1_79' title='bbox 879 1426 1058 1519; x_wconf 78' lang='lat' dir='ltr'><strong>contingat</strong></span> <span class='ocrx_word' id='word_1_80' title='bbox 1071 1429 1234 1500; x_wconf 82' lang='lat' dir='ltr'><strong>Exomni·</strong></span> 
     </span>
     <span class='ocr_line' id='line_1_11' title="bbox 172 1527 1235 1625; baseline 0.007 -28"><span class='ocrx_word' id='word_1_81' title='bbox 172 1529 250 1615; x_wconf 89' lang='lat' dir='ltr'><strong>bus,</strong></span> <span class='ocrx_word' id='word_1_82' title='bbox 262 1555 334 1624; x_wconf 83' lang='lat' dir='ltr'><strong>quae</strong></span> <span class='ocrx_word' id='word_1_83' title='bbox 345 1529 509 1625; x_wconf 84' lang='lat' dir='ltr'><strong>perfectos</strong></span> <span class='ocrx_word' id='word_1_84' title='bbox 522 1527 624 1615; x_wconf 88' lang='lat' dir='ltr'><strong>fetus,</strong></span> <span class='ocrx_word' id='word_1_85' title='bbox 637 1552 711 1598; x_wconf 90' lang='lat' dir='ltr'><strong>sues</strong></span> <span class='ocrx_word' id='word_1_86' title='bbox 721 1543 850 1598; x_wconf 87' lang='lat' dir='ltr'><strong>tantum</strong></span> <span class='ocrx_word' id='word_1_87' title='bbox 863 1543 898 1598; x_wconf 85' lang='lat' dir='ltr'><strong>et</strong></span> <span class='ocrx_word' id='word_1_88' title='bbox 904 1555 1099 1602; x_wconf 87' lang='lat' dir='ltr'><strong>numerosos</strong></span> <span class='ocrx_word' id='word_1_89' title='bbox 1113 1535 1235 1606; x_wconf 88' lang='lat' dir='ltr'><strong>edunt:</strong></span> 
     </span>
     <span class='ocr_line' id='line_1_12' title="bbox 171 1634 1236 1731; baseline 0.008 -27"><span class='ocrx_word' id='word_1_90' title='bbox 171 1637 250 1705; x_wconf 87' lang='lat' dir='ltr'><strong>item</strong></span> <span class='ocrx_word' id='word_1_91' title='bbox 276 1635 426 1731; x_wconf 86' lang='lat' dir='ltr'><strong>plures⁷,</strong></span> <span class='ocrx_word' id='word_1_92' title='bbox 453 1650 568 1706; x_wconf 86' lang='lat' dir='ltr'><strong>contra</strong></span> <span class='ocrx_word' id='word_1_93' title='bbox 592 1649 745 1706; x_wconf 80' lang='lat' dir='ltr'><strong>naturam</strong></span> <span class='ocrx_word' id='word_1_94' title='bbox 777 1634 1019 1731; x_wconf 87' lang='lat' dir='ltr'><strong>solidipedum,</strong></span> <span class='ocrx_word' id='word_1_95' title='bbox 1049 1655 1108 1710; x_wconf 89' lang='lat' dir='ltr'><strong>aut</strong></span> <span class='ocrx_word' id='word_1_96' title='bbox 1135 1642 1236 1712; x_wconf 90' lang='lat' dir='ltr'><strong>bisul-</strong></span> 
     </span>
     <span class='ocr_line' id='line_1_13' title="bbox 171 1767 298 1812; baseline -0.016 0"><span class='ocrx_word' id='word_1_97' title='bbox 171 1767 298 1812; x_wconf 85' lang='lat' dir='ltr'><strong>corum.</strong></span> 
     </span>
    </p>
   </div>
   <div class='ocr_carea' id='block_1_4' title="bbox 102 1913 1320 4056">
    <p class='ocr_par' dir='ltr' id='par_1_4' title="bbox 169 1913 1239 2067">
     <span class='ocr_line' id='line_1_14' title="bbox 169 1913 1239 1982; baseline 0.005 -15"><span class='ocrx_word' id='word_1_98' title='bbox 169 1913 206 1967; x_wconf 87' lang='lat' dir='ltr'><strong>de</strong></span> <span class='ocrx_word' id='word_1_99' title='bbox 217 1915 330 1970; x_wconf 77' lang='lat' dir='ltr'><strong>Animal.</strong></span> <span class='ocrx_word' id='word_1_100' title='bbox 352 1915 400 1967; x_wconf 78' lang='lat' dir='ltr'><strong>lib.</strong></span> <span class='ocrx_word' id='word_1_101' title='bbox 420 1914 530 1978; x_wconf 83' lang='lat' dir='ltr'>XVIII,</span> <span class='ocrx_word' id='word_1_102' title='bbox 544 1925 621 1966; x_wconf 79' lang='lat' dir='ltr'><strong>tract.</strong></span> <span class='ocrx_word' id='word_1_103' title='bbox 645 1932 679 1977; x_wconf 68' lang='grc' dir='ltr'><strong>ι,</strong></span> <span class='ocrx_word' id='word_1_104' title='bbox 725 1923 804 1966; x_wconf 74' lang='lat' dir='ltr'><strong>tantos</strong></span> <span class='ocrx_word' id='word_1_105' title='bbox 816 1923 842 1963; x_wconf 81' lang='lat' dir='ltr'><strong>et</strong></span> <span class='ocrx_word' id='word_1_106' title='bbox 855 1931 997 1966; x_wconf 74' lang='lat' dir='ltr'><strong>numerosos.</strong></span> <span class='ocrx_word' id='word_1_107' title='bbox 1019 1916 1182 1982; x_wconf 79' lang='lat' dir='ltr'><strong>Parmensis,</strong></span> <span class='ocrx_word' id='word_1_108' title='bbox 1196 1923 1239 1973; x_wconf 79' lang='lat' dir='ltr'><strong>vel</strong></span> 
     </span>
     <span class='ocr_line' id='line_1_15' title="bbox 169 1991 1235 2067; baseline 0.003 -18"><span class='ocrx_word' id='word_1_109' title='bbox 169 2011 227 2067; x_wconf 78' lang='lat' dir='ltr'><strong>cap.</strong></span> <span class='ocrx_word' id='word_1_110' title='bbox 240 2012 267 2064; x_wconf 89' lang='lat'><strong>7,</strong></span> <span class='ocrx_word' id='word_1_111' title='bbox 278 2013 339 2065; x_wconf 73' lang='lat' dir='ltr'><strong>pag.</strong></span> <span class='ocrx_word' id='word_1_112' title='bbox 357 1994 520 2064; x_wconf 61' lang='lat' dir='ltr'><strong>dumblan.</strong></span> <span class='ocrx_word' id='word_1_113' title='bbox 725 2003 812 2044; x_wconf 75' lang='lat' dir='ltr'><strong>tantos.</strong></span> <span class='ocrx_word' id='word_1_114' title='bbox 823 1991 906 2045; x_wconf 87' lang='lat' dir='ltr'><strong>Unde</strong></span> <span class='ocrx_word' id='word_1_115' title='bbox 923 1993 1006 2047; x_wconf 84' lang='lat' dir='ltr'><strong>subiit</strong></span> <span class='ocrx_word' id='word_1_116' title='bbox 1020 1995 1164 2066; x_wconf 73' lang='lat' dir='ltr'><strong>aliquando</strong></span> <span class='ocrx_word' id='word_1_117' title='bbox 1178 2001 1235 2052; x_wconf 76' lang='lat' dir='ltr'><strong>eni·</strong></span> 
     </span>
    </p>

    <p class='ocr_par' dir='ltr' id='par_1_5' title="bbox 166 2070 1320 2941">
     <span class='ocr_line' id='line_1_16' title="bbox 208 2070 1235 2144; baseline 0.003 -17"><span class='ocrx_word' id='word_1_118' title='bbox 208 2075 361 2127; x_wconf 82' lang='lat' dir='ltr'>LXXXIV.</span> <span class='ocrx_word' id='word_1_119' title='bbox 385 2092 408 2126; x_wconf 88' lang='lat'><strong>1.</strong></span> <span class='ocrx_word' id='word_1_120' title='bbox 433 2073 600 2143; x_wconf 76' lang='lat' dir='ltr'><strong>Quoecumqroe.</strong></span> <span class='ocrx_word' id='word_1_121' title='bbox 622 2070 680 2124; x_wconf 83' lang='lat' dir='ltr'><strong>Hoc</strong></span> <span class='ocrx_word' id='word_1_122' title='bbox 724 2089 797 2124; x_wconf 87' lang='lat' dir='ltr'><strong>mum</strong></span> <span class='ocrx_word' id='word_1_123' title='bbox 810 2072 1041 2144; x_wconf 59' lang='lat' dir='ltr'><strong>coniectumdegi</strong></span> <span class='ocrx_word' id='word_1_124' title='bbox 1056 2096 1109 2128; x_wconf 79' lang='lat' dir='ltr'><strong>sues</strong></span> <span class='ocrx_word' id='word_1_125' title='bbox 1126 2077 1235 2131; x_wconf 73' lang='lat' dir='ltr'><strong>dentmos</strong></span> 
     </span>
     <span class='ocr_line' id='line_1_17' title="bbox 168 2151 1232 2225; baseline 0.005 -19"><span class='ocrx_word' id='word_1_126' title='bbox 168 2153 253 2206; x_wconf 82' lang='lat' dir='ltr'><strong>multo</strong></span> <span class='ocrx_word' id='word_1_127' title='bbox 264 2153 409 2225; x_wconf 73' lang='lat' dir='ltr'><strong>expressius</strong></span> <span class='ocrx_word' id='word_1_128' title='bbox 417 2152 678 2224; x_wconf 80' lang='lat' dir='ltr'><strong>Philosophus,llist.</strong></span> <span class='ocrx_word' id='word_1_129' title='bbox 723 2169 819 2222; x_wconf 80' lang='lat' dir='ltr'><strong>posse:</strong></span> <span class='ocrx_word' id='word_1_130' title='bbox 838 2151 963 2221; x_wconf 80' lang='lat' dir='ltr'><strong>quoniam</strong></span> <span class='ocrx_word' id='word_1_131' title='bbox 983 2154 1047 2206; x_wconf 84' lang='lat' dir='ltr'><strong>mles</strong></span> <span class='ocrx_word' id='word_1_132' title='bbox 1067 2157 1139 2209; x_wconf 80' lang='lat' dir='ltr'><strong>nasci</strong></span> <span class='ocrx_word' id='word_1_133' title='bbox 1162 2157 1232 2212; x_wconf 80' lang='lat' dir='ltr'><strong>circa</strong></span> 
     </span>
     <span class='ocr_line' id='line_1_18' title="bbox 167 2229 1235 2303; baseline 0.005 -17"><span class='ocrx_word' id='word_1_134' title='bbox 167 2233 262 2286; x_wconf 80' lang='lat' dir='ltr'><strong>Anim.</strong></span> <span class='ocrx_word' id='word_1_135' title='bbox 275 2233 323 2286; x_wconf 89' lang='lat' dir='ltr'><strong>lib.</strong></span> <span class='ocrx_word' id='word_1_136' title='bbox 333 2234 402 2297; x_wconf 87' lang='lat' dir='ltr'><strong>Vll,</strong></span> <span class='ocrx_word' id='word_1_137' title='bbox 413 2250 471 2303; x_wconf 77' lang='lat' dir='ltr'><strong>cap.</strong></span> <span class='ocrx_word' id='word_1_138' title='bbox 487 2250 520 2285; x_wconf 82' lang='lat' dir='ltr'><strong>ro</strong></span> <span class='ocrx_word' id='word_1_139' title='bbox 528 2271 536 2297; x_wconf 90' lang='lat'><strong>,</strong></span> <span class='ocrx_word' id='word_1_140' title='bbox 544 2249 603 2303; x_wconf 80' lang='lat' dir='ltr'><strong>pag.</strong></span> <span class='ocrx_word' id='word_1_141' title='bbox 612 2231 678 2284; x_wconf 82' lang='lat'><strong>836.</strong></span> <span class='ocrx_word' id='word_1_142' title='bbox 722 2230 847 2284; x_wconf 71' lang='lat' dir='ltr'><strong>brumam</strong></span> <span class='ocrx_word' id='word_1_143' title='bbox 858 2229 981 2300; x_wconf 82' lang='lat' dir='ltr'><strong>Nigidius</strong></span> <span class='ocrx_word' id='word_1_144' title='bbox 990 2232 1115 2299; x_wconf 77' lang='lat' dir='ltr'><strong>tradidit,</strong></span> <span class='ocrx_word' id='word_1_145' title='bbox 1126 2249 1235 2291; x_wconf 80' lang='lat' dir='ltr'><strong>auctore</strong></span> 
     </span>
     <span class='ocr_line' id='line_1_19' title="bbox 168 2304 1235 2384; baseline 0.007 -20"><span class='ocrx_word' id='word_1_146' title='bbox 168 2311 279 2376; x_wconf 79' lang='lat' dir='ltr'><strong>Omnia,</strong></span> <span class='ocrx_word' id='word_1_147' title='bbox 290 2313 388 2384; x_wconf 84' lang='lat' dir='ltr'><strong>inquit,</strong></span> <span class='ocrx_word' id='word_1_148' title='bbox 397 2311 520 2367; x_wconf 74' lang='lat' dir='ltr'><strong>animalia</strong></span> <span class='ocrx_word' id='word_1_149' title='bbox 533 2323 614 2381; x_wconf 79' lang='lat' dir='ltr'><strong>caput</strong></span> <span class='ocrx_word' id='word_1_150' title='bbox 623 2311 678 2381; x_wconf 89' lang='lat' dir='ltr'><strong>pri·</strong></span> <span class='ocrx_word' id='word_1_151' title='bbox 723 2309 825 2375; x_wconf 84' lang='lat' dir='ltr'><strong>Plinio,</strong></span> <span class='ocrx_word' id='word_1_152' title='bbox 835 2310 882 2362; x_wconf 90' lang='lat' dir='ltr'><strong>lib.</strong></span> <span class='ocrx_word' id='word_1_153' title='bbox 894 2304 978 2376; x_wconf 84' lang='lat' dir='ltr'>VIII,</span> <span class='ocrx_word' id='word_1_154' title='bbox 991 2328 1049 2384; x_wconf 77' lang='lat' dir='ltr'><strong>cap.</strong></span> <span class='ocrx_word' id='word_1_155' title='bbox 1061 2332 1107 2384; x_wconf 90' lang='lat'><strong>77.</strong></span> <span class='ocrx_word' id='word_1_156' title='bbox 1123 2315 1166 2368; x_wconf 80' lang='lat' dir='ltr'><strong>Ad</strong></span> <span class='ocrx_word' id='word_1_157' title='bbox 1176 2337 1235 2372; x_wconf 85' lang='lat' dir='ltr'><strong>sues</strong></span> 
     </span>
     <span class='ocr_line' id='line_1_20' title="bbox 167 2390 1233 2464; baseline 0.006 -20"><span class='ocrx_word' id='word_1_158' title='bbox 167 2409 242 2444; x_wconf 83' lang='lat' dir='ltr'><strong>mum</strong></span> <span class='ocrx_word' id='word_1_159' title='bbox 253 2410 365 2464; x_wconf 82' lang='lat' dir='ltr'><strong>superne</strong></span> <span class='ocrx_word' id='word_1_160' title='bbox 376 2393 489 2446; x_wconf 74' lang='lat' dir='ltr'><strong>babent:</strong></span> <span class='ocrx_word' id='word_1_161' title='bbox 501 2404 578 2444; x_wconf 73' lang='lat' dir='ltr'><strong>aucte</strong></span> <span class='ocrx_word' id='word_1_162' title='bbox 587 2403 677 2443; x_wconf 82' lang='lat' dir='ltr'><strong>autem</strong></span> <span class='ocrx_word' id='word_1_163' title='bbox 722 2403 793 2442; x_wconf 87' lang='lat' dir='ltr'><strong>certe</strong></span> <span class='ocrx_word' id='word_1_164' title='bbox 804 2390 897 2442; x_wconf 79' lang='lat' dir='ltr'><strong>referri</strong></span> <span class='ocrx_word' id='word_1_165' title='bbox 910 2390 967 2444; x_wconf 76' lang='lat' dir='ltr'><strong>hoc</strong></span> <span class='ocrx_word' id='word_1_166' title='bbox 973 2406 1098 2462; x_wconf 78' lang='lat' dir='ltr'><strong>oportere</strong></span> <span class='ocrx_word' id='word_1_167' title='bbox 1110 2414 1143 2447; x_wconf 86' lang='lat' dir='ltr'><strong>ex</strong></span> <span class='ocrx_word' id='word_1_168' title='bbox 1154 2397 1233 2451; x_wconf 79' lang='lat' dir='ltr'><strong>Arist.</strong></span> 
     </span>
     <span class='ocr_line' id='line_1_21' title="bbox 167 2467 1231 2534; baseline 0.004 -10"><span class='ocrx_word' id='word_1_169' title='bbox 167 2483 195 2524; x_wconf 82' lang='lat' dir='ltr'><strong>et</strong></span> <span class='ocrx_word' id='word_1_170' title='bbox 215 2471 380 2525; x_wconf 81' lang='lat' dir='ltr'><strong>exiturientiu</strong></span> <span class='ocrx_word' id='word_1_171' title='bbox 392 2471 515 2525; x_wconf 86' lang='lat' dir='ltr'><strong>deorsum</strong></span> <span class='ocrx_word' id='word_1_172' title='bbox 534 2473 677 2524; x_wconf 77' lang='lat' dir='ltr'><strong>obvertun·</strong></span> <span class='ocrx_word' id='word_1_173' title='bbox 721 2467 881 2533; x_wconf 79' lang='lat' dir='ltr'><strong>constat,de</strong></span> <span class='ocrx_word' id='word_1_174' title='bbox 896 2469 993 2524; x_wconf 86' lang='lat' dir='ltr'><strong>Gener.</strong></span> <span class='ocrx_word' id='word_1_175' title='bbox 1007 2473 1098 2525; x_wconf 77' lang='lat' dir='ltr'><strong>Anim.</strong></span> <span class='ocrx_word' id='word_1_176' title='bbox 1115 2474 1163 2527; x_wconf 87' lang='lat' dir='ltr'><strong>lib.</strong></span> <span class='ocrx_word' id='word_1_177' title='bbox 1176 2477 1231 2534; x_wconf 86' lang='lat' dir='ltr'><strong>1v,</strong></span> 
     </span>
     <span class='ocr_line' id='line_1_22' title="bbox 167 2550 1234 2624; baseline 0.005 -20"><span class='ocrx_word' id='word_1_178' title='bbox 167 2562 326 2604; x_wconf 73' lang='lat' dir='ltr'><strong>turrnrturr</strong></span> <span class='ocrx_word' id='word_1_179' title='bbox 340 2552 412 2604; x_wconf 84' lang='lat' dir='ltr'><strong>enim</strong></span> <span class='ocrx_word' id='word_1_180' title='bbox 424 2563 516 2624; x_wconf 77' lang='lat' dir='ltr'><strong>suapte</strong></span> <span class='ocrx_word' id='word_1_181' title='bbox 539 2550 629 2604; x_wconf 81' lang='lat' dir='ltr'><strong>omnia</strong></span> <span class='ocrx_word' id='word_1_182' title='bbox 648 2551 677 2602; x_wconf 90' lang='lat' dir='ltr'><strong>in</strong></span> <span class='ocrx_word' id='word_1_183' title='bbox 720 2567 777 2620; x_wconf 81' lang='lat' dir='ltr'><strong>cop.</strong></span> <span class='ocrx_word' id='word_1_184' title='bbox 795 2553 827 2613; x_wconf 84' lang='lat'><strong>6,</strong></span> <span class='ocrx_word' id='word_1_185' title='bbox 843 2567 901 2620; x_wconf 75' lang='lat' dir='ltr'><strong>peg.</strong></span> <span class='ocrx_word' id='word_1_186' title='bbox 919 2552 1116 2618; x_wconf 76' lang='lat' dir='ltr'><strong>1129.verum</strong></span> <span class='ocrx_word' id='word_1_187' title='bbox 1125 2552 1234 2610; x_wconf 84' lang='lat' dir='ltr'><strong>defendi</strong></span> 
     </span>
     <span class='ocr_line' id='line_1_23' title="bbox 166 2628 1232 2702; baseline 0.004 -18"><span class='ocrx_word' id='word_1_188' title='bbox 166 2644 245 2701; x_wconf 66' lang='lat' dir='ltr'><strong>ceput</strong></span> <span class='ocrx_word' id='word_1_189' title='bbox 259 2643 356 2683; x_wconf 82' lang='lat' dir='ltr'><strong>exeunt</strong></span> <span class='ocrx_word' id='word_1_190' title='bbox 370 2651 377 2684; x_wconf 89' lang='lat'>:</span> <span class='ocrx_word' id='word_1_191' title='bbox 394 2631 504 2702; x_wconf 82' lang='lat' dir='ltr'><strong>obliqua</strong></span> <span class='ocrx_word' id='word_1_192' title='bbox 518 2644 620 2695; x_wconf 78' lang='lat' dir='ltr'><strong>sutem,</strong></span> <span class='ocrx_word' id='word_1_193' title='bbox 631 2641 677 2684; x_wconf 78' lang='lat' dir='ltr'><strong>aut</strong></span> <span class='ocrx_word' id='word_1_194' title='bbox 721 2628 826 2700; x_wconf 82' lang='lat' dir='ltr'><strong>egregie</strong></span> <span class='ocrx_word' id='word_1_195' title='bbox 838 2647 916 2699; x_wconf 84' lang='lat' dir='ltr'><strong>posse</strong></span> <span class='ocrx_word' id='word_1_196' title='bbox 927 2643 1061 2700; x_wconf 79' lang='lat' dir='ltr'><strong>receptam</strong></span> <span class='ocrx_word' id='word_1_197' title='bbox 1077 2632 1232 2701; x_wconf 86' lang='lat' dir='ltr'><strong>lectionem,</strong></span> 
     </span>
     <span class='ocr_line' id='line_1_24' title="bbox 166 2706 1320 2786; baseline 0.006 -24"><span class='ocrx_word' id='word_1_198' title='bbox 166 2710 195 2762; x_wconf 91' lang='lat' dir='ltr'><strong>in</strong></span> <span class='ocrx_word' id='word_1_199' title='bbox 210 2708 409 2782; x_wconf 74' lang='lat' dir='ltr'><strong>pedes‚praeter</strong></span> <span class='ocrx_word' id='word_1_200' title='bbox 424 2725 553 2764; x_wconf 76' lang='lat' dir='ltr'><strong>naturam.</strong></span> <span class='ocrx_word' id='word_1_201' title='bbox 571 2710 641 2763; x_wconf 90' lang='lat' dir='ltr'><strong>Vide</strong></span> <span class='ocrx_word' id='word_1_202' title='bbox 651 2721 676 2763; x_wconf 87' lang='lat' dir='ltr'><strong>et</strong></span> <span class='ocrx_word' id='word_1_203' title='bbox 720 2707 904 2778; x_wconf 72' lang='lat' dir='ltr'><strong>interpretatio</strong></span> <span class='ocrx_word' id='word_1_204' title='bbox 914 2722 1004 2764; x_wconf 81' lang='lat' dir='ltr'><strong>nostra</strong></span> <span class='ocrx_word' id='word_1_205' title='bbox 1013 2711 1232 2786; x_wconf 78' lang='lat' dir='ltr'><strong>evincit2neque</strong></span> <span class='ocrx_word' id='word_1_206' title='bbox 1315 2706 1320 2719; x_wconf 56' lang='lat'>⁸</span> 
     </span>
     <span class='ocr_line' id='line_1_25' title="bbox 166 2787 1233 2864; baseline 0.007 -24"><span class='ocrx_word' id='word_1_207' title='bbox 166 2790 304 2844; x_wconf 75' lang='lat' dir='ltr'><strong>Albertum</strong></span> <span class='ocrx_word' id='word_1_208' title='bbox 312 2828 320 2854; x_wconf 91' lang='lat'><strong>,</strong></span> <span class='ocrx_word' id='word_1_209' title='bbox 329 2789 362 2844; x_wconf 91' lang='lat' dir='ltr'><strong>de</strong></span> <span class='ocrx_word' id='word_1_210' title='bbox 369 2789 458 2844; x_wconf 77' lang='lat' dir='ltr'><strong>Anim.</strong></span> <span class='ocrx_word' id='word_1_211' title='bbox 468 2791 515 2843; x_wconf 89' lang='lat' dir='ltr'><strong>lib.</strong></span> <span class='ocrx_word' id='word_1_212' title='bbox 525 2791 606 2854; x_wconf 87' lang='lat' dir='ltr'>VIII,</span> <span class='ocrx_word' id='word_1_213' title='bbox 617 2809 674 2862; x_wconf 79' lang='lat' dir='ltr'><strong>cup.</strong></span> <span class='ocrx_word' id='word_1_214' title='bbox 721 2787 876 2842; x_wconf 77' lang='lat' dir='ltr'><strong>Pintianum</strong></span> <span class='ocrx_word' id='word_1_215' title='bbox 888 2808 943 2841; x_wconf 81' lang='lat' dir='ltr'><strong>esse</strong></span> <span class='ocrx_word' id='word_1_216' title='bbox 954 2789 1115 2843; x_wconf 72' lang='lat' dir='ltr'><strong>audiendum</strong></span> <span class='ocrx_word' id='word_1_217' title='bbox 1123 2832 1131 2857; x_wconf 96' lang='lat'><strong>,</strong></span> <span class='ocrx_word' id='word_1_218' title='bbox 1139 2795 1186 2864; x_wconf 89' lang='lat' dir='ltr'><strong>qui</strong></span> <span class='ocrx_word' id='word_1_219' title='bbox 1194 2795 1233 2848; x_wconf 91' lang='lat' dir='ltr'><strong>lo·</strong></span> 
     </span>
     <span class='ocr_line' id='line_1_26' title="bbox 166 2866 1230 2941; baseline 0.004 -20"><span class='ocrx_word' id='word_1_220' title='bbox 166 2889 196 2940; x_wconf 88' lang='lat'><strong>7,</strong></span> <span class='ocrx_word' id='word_1_221' title='bbox 208 2888 270 2941; x_wconf 78' lang='lat' dir='ltr'><strong>pag.</strong></span> <span class='ocrx_word' id='word_1_222' title='bbox 285 2868 350 2938; x_wconf 85' lang='lat'>²9⁵·</span> <span class='ocrx_word' id='word_1_223' title='bbox 359 2869 450 2924; x_wconf 64' lang='lat' dir='ltr'><strong>Hero.</strong></span> <span class='ocrx_word' id='word_1_224' title='bbox 720 2885 781 2920; x_wconf 87' lang='lat' dir='ltr'><strong>cum</strong></span> <span class='ocrx_word' id='word_1_225' title='bbox 806 2868 844 2921; x_wconf 78' lang='lat' dir='ltr'><strong>ita</strong></span> <span class='ocrx_word' id='word_1_226' title='bbox 857 2866 1040 2940; x_wconf 86' lang='lat' dir='ltr'><strong>refingendum</strong></span> <span class='ocrx_word' id='word_1_227' title='bbox 1055 2874 1230 2941; x_wconf 79' lang='lat' dir='ltr'><strong>pronuntiat:</strong></span> 
     </span>
    </p>

    <p class='ocr_par' dir='ltr' id='par_1_6' title="bbox 167 2947 1231 3102">
     <span class='ocr_line' id='line_1_27' title="bbox 208 2947 1231 3022; baseline 0.004 -19"><span class='ocrx_word' id='word_1_228' title='bbox 208 2967 235 3003; x_wconf 82' lang='lat'><strong>2.</strong></span> <span class='ocrx_word' id='word_1_229' title='bbox 251 2949 433 3021; x_wconf 69' lang='lat' dir='ltr'><strong>Quadrupedes.</strong></span> <span class='ocrx_word' id='word_1_230' title='bbox 442 2950 605 3015; x_wconf 76' lang='lat' dir='ltr'><strong>Aristoteles,</strong></span> <span class='ocrx_word' id='word_1_231' title='bbox 616 2969 675 3022; x_wconf 81' lang='lat' dir='ltr'><strong>pag.</strong></span> <span class='ocrx_word' id='word_1_232' title='bbox 721 2947 801 3000; x_wconf 69' lang='lat' dir='ltr'><strong>nsces</strong></span> <span class='ocrx_word' id='word_1_233' title='bbox 810 2959 912 3000; x_wconf 79' lang='lat' dir='ltr'><strong>tantum</strong></span> <span class='ocrx_word' id='word_1_234' title='bbox 920 2966 1017 3013; x_wconf 88' lang='lat' dir='ltr'><strong>unum,</strong></span> <span class='ocrx_word' id='word_1_235' title='bbox 1028 2964 1054 3003; x_wconf 86' lang='lat' dir='ltr'><strong>et</strong></span> <span class='ocrx_word' id='word_1_236' title='bbox 1062 2948 1130 3004; x_wconf 85' lang='lat' dir='ltr'><strong>duos</strong></span> <span class='ocrx_word' id='word_1_237' title='bbox 1139 2951 1231 3019; x_wconf 83' lang='lat' dir='ltr'><strong>edunt,</strong></span> 
     </span>
     <span class='ocr_line' id='line_1_28' title="bbox 167 3027 1229 3102; baseline 0.004 -20"><span class='ocrx_word' id='word_1_238' title='bbox 167 3027 234 3084; x_wconf 81' lang='lat'>83⁵.</span> <span class='ocrx_word' id='word_1_239' title='bbox 249 3029 340 3082; x_wconf 69' lang='lat' dir='ltr'><strong>Iliso.</strong></span> <span class='ocrx_word' id='word_1_240' title='bbox 719 3027 783 3080; x_wconf 81' lang='lat' dir='ltr'><strong>item</strong></span> <span class='ocrx_word' id='word_1_241' title='bbox 795 3029 902 3099; x_wconf 83' lang='lat' dir='ltr'><strong>plures:</strong></span> <span class='ocrx_word' id='word_1_242' title='bbox 917 3052 928 3075; x_wconf 75' lang='lat' dir='ltr'><strong>n</strong></span> <span class='ocrx_word' id='word_1_243' title='bbox 942 3028 1017 3100; x_wconf 89' lang='lat' dir='ltr'><strong>quod</strong></span> <span class='ocrx_word' id='word_1_244' title='bbox 1030 3048 1093 3082; x_wconf 80' lang='lat' dir='ltr'><strong>sarie</strong></span> <span class='ocrx_word' id='word_1_245' title='bbox 1103 3031 1229 3102; x_wconf 83' lang='lat' dir='ltr'><strong>frigidum</strong></span> 
     </span>
    </p>

    <p class='ocr_par' dir='ltr' id='par_1_7' title="bbox 163 3098 1229 3255">
     <span class='ocr_line' id='line_1_29' title="bbox 208 3098 1229 3181; baseline 0 -17"><span class='ocrx_word' id='word_1_246' title='bbox 208 3109 234 3164; x_wconf 79' lang='lat'><strong>³.</strong></span> <span class='ocrx_word' id='word_1_247' title='bbox 260 3109 341 3162; x_wconf 85' lang='lat' dir='ltr'><strong>Homo</strong></span> <span class='ocrx_word' id='word_1_248' title='bbox 363 3114 389 3161; x_wconf 83' lang='lat' dir='ltr'><strong>in</strong></span> <span class='ocrx_word' id='word_1_249' title='bbox 403 3098 487 3162; x_wconf 76' lang='lat' dir='ltr'><strong>&#39;semet</strong></span> <span class='ocrx_word' id='word_1_250' title='bbox 512 3110 675 3181; x_wconf 78' lang='lat' dir='ltr'><strong>conglobatus.</strong></span> <span class='ocrx_word' id='word_1_251' title='bbox 719 3106 877 3160; x_wconf 79' lang='lat' dir='ltr'><strong>emendandi</strong></span> <span class='ocrx_word' id='word_1_252' title='bbox 905 3125 990 3178; x_wconf 88' lang='lat' dir='ltr'><strong>genus</strong></span> <span class='ocrx_word' id='word_1_253' title='bbox 1013 3110 1091 3161; x_wconf 88' lang='lat' dir='ltr'><strong>nobis</strong></span> <span class='ocrx_word' id='word_1_254' title='bbox 1115 3111 1229 3166; x_wconf 83' lang='lat' dir='ltr'><strong>videtur.</strong></span> 
     </span>
     <span class='ocr_line' id='line_1_30' title="bbox 163 3183 1229 3255; baseline 0.006 -16"><span class='ocrx_word' id='word_1_255' title='bbox 163 3187 246 3242; x_wconf 79' lang='lat' dir='ltr'><strong>Arist.</strong></span> <span class='ocrx_word' id='word_1_256' title='bbox 256 3189 307 3242; x_wconf 79' lang='lat' dir='ltr'><strong>loc,</strong></span> <span class='ocrx_word' id='word_1_257' title='bbox 319 3189 363 3241; x_wconf 89' lang='lat' dir='ltr'><strong>cit.</strong></span> <span class='ocrx_word' id='word_1_258' title='bbox 378 3183 469 3243; x_wconf 77' lang='lat' dir='ltr'><strong>Hnn.</strong></span> <span class='ocrx_word' id='word_1_259' title='bbox 719 3185 804 3239; x_wconf 79' lang='lat' dir='ltr'><strong>Aliud</strong></span> <span class='ocrx_word' id='word_1_260' title='bbox 823 3187 894 3239; x_wconf 84' lang='lat' dir='ltr'><strong>enim</strong></span> <span class='ocrx_word' id='word_1_261' title='bbox 916 3200 955 3239; x_wconf 84' lang='lat' dir='ltr'><strong>est</strong></span> <span class='ocrx_word' id='word_1_262' title='bbox 967 3207 1136 3255; x_wconf 79' lang='lat' dir='ltr'><strong>numerosos,</strong></span> <span class='ocrx_word' id='word_1_263' title='bbox 1156 3192 1229 3245; x_wconf 76' lang='lat' dir='ltr'><strong>aliud</strong></span> 
     </span>
    </p>

    <p class='ocr_par' dir='ltr' id='par_1_8' title="bbox 102 3265 1228 3419">
     <span class='ocr_line' id='line_1_31' title="bbox 206 3265 1228 3340; baseline 0.004 -22"><span class='ocrx_word' id='word_1_264' title='bbox 206 3274 231 3331; x_wconf 78' lang='grc'><strong>4.</strong></span> <span class='ocrx_word' id='word_1_265' title='bbox 246 3269 313 3321; x_wconf 78' lang='lat' dir='ltr'><strong>Ante</strong></span> <span class='ocrx_word' id='word_1_266' title='bbox 325 3269 436 3323; x_wconf 64' lang='lat' dir='ltr'><strong>divom</strong></span> <span class='ocrx_word' id='word_1_267' title='bbox 452 3269 512 3321; x_wconf 88' lang='lat' dir='ltr'><strong>Lib.</strong></span> <span class='ocrx_word' id='word_1_268' title='bbox 527 3270 598 3333; x_wconf 92' lang='lat' dir='ltr'><strong>VII,</strong></span> <span class='ocrx_word' id='word_1_269' title='bbox 616 3287 673 3340; x_wconf 80' lang='lat' dir='ltr'><strong>cup.</strong></span> <span class='ocrx_word' id='word_1_270' title='bbox 720 3266 886 3337; x_wconf 81' lang='lat' dir='ltr'><strong>pluresletus</strong></span> <span class='ocrx_word' id='word_1_271' title='bbox 896 3265 1033 3320; x_wconf 74' lang='lat' dir='ltr'><strong>ederetest</strong></span> <span class='ocrx_word' id='word_1_272' title='bbox 1043 3268 1110 3321; x_wconf 91' lang='lat' dir='ltr'><strong>illud</strong></span> <span class='ocrx_word' id='word_1_273' title='bbox 1119 3271 1228 3340; x_wconf 86' lang='lat' dir='ltr'><strong>quidem</strong></span> 
     </span>
     <span class='ocr_line' id='line_1_32' title="bbox 102 3345 1228 3419; baseline 0.007 -22"><span class='ocrx_word' id='word_1_274' title='bbox 102 3388 106 3397; x_wconf 92' lang='grc'><em>,</em></span> <span class='ocrx_word' id='word_1_275' title='bbox 168 3345 212 3400; x_wconf 81' lang='lat'><strong>13.</strong></span> <span class='ocrx_word' id='word_1_276' title='bbox 228 3348 317 3401; x_wconf 75' lang='lat' dir='ltr'><strong>Hsno.</strong></span> <span class='ocrx_word' id='word_1_277' title='bbox 720 3346 832 3410; x_wconf 81' lang='lat' dir='ltr'><strong>multos,</strong></span> <span class='ocrx_word' id='word_1_278' title='bbox 854 3345 926 3399; x_wconf 84' lang='lat' dir='ltr'><strong>istud</strong></span> <span class='ocrx_word' id='word_1_279' title='bbox 937 3348 1052 3400; x_wconf 84' lang='lat' dir='ltr'><strong>multum</strong></span> <span class='ocrx_word' id='word_1_280' title='bbox 1073 3367 1185 3419; x_wconf 80' lang='lat' dir='ltr'><strong>parere,</strong></span> <span class='ocrx_word' id='word_1_281' title='bbox 1198 3373 1228 3405; x_wconf 80' lang='lat' dir='ltr'><strong>ac</strong></span> 
     </span>
    </p>

    <p class='ocr_par' dir='ltr' id='par_1_9' title="bbox 162 3424 1229 3736">
     <span class='ocr_line' id='line_1_33' title="bbox 205 3424 1226 3498; baseline 0.001 -18"><span class='ocrx_word' id='word_1_282' title='bbox 205 3425 231 3480; x_wconf 79' lang='lat'><strong>5.</strong></span> <span class='ocrx_word' id='word_1_283' title='bbox 245 3429 289 3480; x_wconf 73' lang='lat' dir='ltr'><strong>Ec</strong></span> <span class='ocrx_word' id='word_1_284' title='bbox 298 3432 430 3498; x_wconf 73' lang='lat' dir='ltr'><strong>semetipsa.</strong></span> <span class='ocrx_word' id='word_1_285' title='bbox 442 3427 527 3482; x_wconf 76' lang='lat' dir='ltr'><strong>Etiam</strong></span> <span class='ocrx_word' id='word_1_286' title='bbox 536 3428 564 3480; x_wconf 88' lang='lat' dir='ltr'><strong>in</strong></span> <span class='ocrx_word' id='word_1_287' title='bbox 572 3426 675 3498; x_wconf 83' lang='lat' dir='ltr'><strong>virgine</strong></span> <span class='ocrx_word' id='word_1_288' title='bbox 718 3425 823 3496; x_wconf 68' lang='lat' dir='ltr'><strong>sapius.</strong></span> <span class='ocrx_word' id='word_1_289' title='bbox 835 3424 869 3477; x_wconf 87' lang='grc' dir='ltr'><strong>Η.</strong></span> <span class='ocrx_word' id='word_1_290' title='bbox 879 3456 919 3465; x_wconf 89' lang='lat'>-</span> <span class='ocrx_word' id='word_1_291' title='bbox 929 3425 990 3478; x_wconf 78' lang='lat' dir='ltr'><strong>Sues</strong></span> <span class='ocrx_word' id='word_1_292' title='bbox 1009 3439 1027 3479; x_wconf 83' lang='lat' dir='ltr'><strong>t.</strong></span> <span class='ocrx_word' id='word_1_293' title='bbox 1051 3440 1075 3478; x_wconf 83' lang='lat' dir='ltr'><strong>et</strong></span> <span class='ocrx_word' id='word_1_294' title='bbox 1095 3449 1121 3483; x_wconf 85' lang='lat' dir='ltr'><strong>n.</strong></span> <span class='ocrx_word' id='word_1_295' title='bbox 1135 3431 1208 3484; x_wconf 76' lang='lat' dir='ltr'><strong>eduae</strong></span> <span class='ocrx_word' id='word_1_296' title='bbox 1217 3452 1226 3483; x_wconf 84' lang='lat'><strong>.-</strong></span> 
     </span>
     <span class='ocr_line' id='line_1_34' title="bbox 162 3504 1229 3579; baseline 0.007 -22"><span class='ocrx_word' id='word_1_297' title='bbox 162 3504 244 3576; x_wconf 83' lang='lat' dir='ltr'><strong>igitur</strong></span> <span class='ocrx_word' id='word_1_298' title='bbox 252 3508 323 3579; x_wconf 79' lang='lat' dir='ltr'><strong>gigni</strong></span> <span class='ocrx_word' id='word_1_299' title='bbox 333 3509 431 3562; x_wconf 78' lang='lat' dir='ltr'><strong>molam</strong></span> <span class='ocrx_word' id='word_1_300' title='bbox 444 3527 520 3579; x_wconf 84' lang='lat' dir='ltr'><strong>posse</strong></span> <span class='ocrx_word' id='word_1_301' title='bbox 533 3507 674 3561; x_wconf 74' lang='lat' dir='ltr'><strong>arbitratus</strong></span> <span class='ocrx_word' id='word_1_302' title='bbox 719 3509 774 3557; x_wconf 78' lang='lat' dir='ltr'><strong>item</strong></span> <span class='ocrx_word' id='word_1_303' title='bbox 783 3506 866 3575; x_wconf 78' lang='lat' dir='ltr'><strong>plures</strong></span> <span class='ocrx_word' id='word_1_304' title='bbox 878 3517 961 3557; x_wconf 82' lang='lat' dir='ltr'><strong>contra</strong></span> <span class='ocrx_word' id='word_1_305' title='bbox 974 3518 1099 3571; x_wconf 79' lang='lat' dir='ltr'><strong>naturam,</strong></span> <span class='ocrx_word' id='word_1_306' title='bbox 1108 3523 1157 3564; x_wconf 82' lang='lat' dir='ltr'><strong>etc.</strong></span> <span class='ocrx_word' id='word_1_307' title='bbox 1165 3511 1229 3564; x_wconf 83' lang='lat' dir='ltr'><strong>Sen-</strong></span> 
     </span>
     <span class='ocr_line' id='line_1_35' title="bbox 162 3585 1228 3661; baseline 0.006 -24"><span class='ocrx_word' id='word_1_308' title='bbox 162 3597 210 3638; x_wconf 84' lang='lat' dir='ltr'><strong>est.</strong></span> <span class='ocrx_word' id='word_1_309' title='bbox 226 3585 297 3640; x_wconf 89' lang='lat' dir='ltr'><strong>Vide</strong></span> <span class='ocrx_word' id='word_1_310' title='bbox 316 3606 375 3661; x_wconf 71' lang='lat' dir='ltr'><strong>qne</strong></span> <span class='ocrx_word' id='word_1_311' title='bbox 394 3588 525 3651; x_wconf 80' lang='lat' dir='ltr'><strong>diximus,</strong></span> <span class='ocrx_word' id='word_1_312' title='bbox 540 3587 586 3642; x_wconf 88' lang='lat' dir='ltr'><strong>lib.</strong></span> <span class='ocrx_word' id='word_1_313' title='bbox 600 3588 672 3651; x_wconf 89' lang='lat' dir='ltr'><strong>VII,</strong></span> <span class='ocrx_word' id='word_1_314' title='bbox 718 3603 761 3638; x_wconf 82' lang='lat' dir='ltr'><strong>sus</strong></span> <span class='ocrx_word' id='word_1_315' title='bbox 769 3585 873 3656; x_wconf 79' lang='lat' dir='ltr'><strong>ineptus</strong></span> <span class='ocrx_word' id='word_1_316' title='bbox 882 3585 1002 3640; x_wconf 85' lang='lat' dir='ltr'><strong>etPlinio</strong></span> <span class='ocrx_word' id='word_1_317' title='bbox 1013 3585 1147 3659; x_wconf 79' lang='lat' dir='ltr'><strong>indignus.</strong></span> <span class='ocrx_word' id='word_1_318' title='bbox 1155 3590 1228 3656; x_wconf 91' lang='lat' dir='ltr'><strong>Quid</strong></span> 
     </span>
     <span class='ocr_line' id='line_1_36' title="bbox 162 3664 1228 3736; baseline 0.002 -19"><span class='ocrx_word' id='word_1_319' title='bbox 162 3667 388 3736; x_wconf 77' lang='lat' dir='ltr'><strong>crp.13.Hnm.</strong></span> <span class='ocrx_word' id='word_1_320' title='bbox 718 3665 789 3718; x_wconf 86' lang='lat' dir='ltr'><strong>enim</strong></span> <span class='ocrx_word' id='word_1_321' title='bbox 811 3664 962 3735; x_wconf 76' lang='lat' dir='ltr'><strong>significat,</strong></span> <span class='ocrx_word' id='word_1_322' title='bbox 987 3685 1121 3723; x_wconf 77' lang='lat' dir='ltr'><strong>numerosos</strong></span> <span class='ocrx_word' id='word_1_323' title='bbox 1147 3671 1228 3722; x_wconf 65' lang='lat' dir='ltr'><strong>edurat.</strong></span> 
     </span>
    </p>

    <p class='ocr_par' dir='ltr' id='par_1_10' title="bbox 162 3744 1229 3978">
     <span class='ocr_line' id='line_1_37' title="bbox 203 3744 1229 3820; baseline 0.003 -22"><span class='ocrx_word' id='word_1_324' title='bbox 203 3747 230 3798; x_wconf 88' lang='grc'><strong>6.</strong></span> <span class='ocrx_word' id='word_1_325' title='bbox 247 3747 300 3802; x_wconf 83' lang='lat' dir='ltr'><strong>Nec</strong></span> <span class='ocrx_word' id='word_1_326' title='bbox 313 3751 424 3801; x_wconf 80' lang='lat' dir='ltr'><strong>animari.</strong></span> <span class='ocrx_word' id='word_1_327' title='bbox 436 3745 492 3802; x_wconf 86' lang='lat' dir='ltr'><strong>Nec</strong></span> <span class='ocrx_word' id='word_1_328' title='bbox 509 3765 564 3800; x_wconf 81' lang='lat' dir='ltr'><strong>esse</strong></span> <span class='ocrx_word' id='word_1_329' title='bbox 579 3764 672 3798; x_wconf 84' lang='lat' dir='ltr'><strong>verum</strong></span> <span class='ocrx_word' id='word_1_330' title='bbox 717 3744 778 3796; x_wconf 78' lang='lat' dir='ltr'><strong>Item</strong></span> <span class='ocrx_word' id='word_1_331' title='bbox 786 3745 889 3814; x_wconf 72' lang='lat' dir='ltr'><strong>plures?</strong></span> <span class='ocrx_word' id='word_1_332' title='bbox 898 3745 980 3811; x_wconf 88' lang='lat' dir='ltr'><strong>Quod</strong></span> <span class='ocrx_word' id='word_1_333' title='bbox 990 3747 1012 3799; x_wconf 87' lang='lat' dir='ltr'><strong>si</strong></span> <span class='ocrx_word' id='word_1_334' title='bbox 1028 3749 1141 3801; x_wconf 85' lang='lat' dir='ltr'><strong>verbum</strong></span> <span class='ocrx_word' id='word_1_335' title='bbox 1147 3751 1229 3820; x_wconf 78' lang='lat' dir='ltr'><strong>plum</strong></span> 
     </span>
     <span class='ocr_line' id='line_1_38' title="bbox 162 3823 1229 3898; baseline 0.005 -22"><span class='ocrx_word' id='word_1_336' title='bbox 162 3825 275 3890; x_wconf 77' lang='lat' dir='ltr'><strong>animal,</strong></span> <span class='ocrx_word' id='word_1_337' title='bbox 290 3827 420 3897; x_wconf 80' lang='lat' dir='ltr'><strong>organicis</strong></span> <span class='ocrx_word' id='word_1_338' title='bbox 439 3826 559 3898; x_wconf 81' lang='lat' dir='ltr'><strong>portibus</strong></span> <span class='ocrx_word' id='word_1_339' title='bbox 576 3826 674 3879; x_wconf 83' lang='lat' dir='ltr'><strong>instru-</strong></span> <span class='ocrx_word' id='word_1_340' title='bbox 717 3823 750 3876; x_wconf 81' lang='lat' dir='ltr'><strong>sd</strong></span> <span class='ocrx_word' id='word_1_341' title='bbox 763 3825 814 3878; x_wconf 78' lang='lat' dir='ltr'><strong>elin</strong></span> <span class='ocrx_word' id='word_1_342' title='bbox 831 3825 952 3878; x_wconf 72' lang='lat' dir='ltr'><strong>animalia</strong></span> <span class='ocrx_word' id='word_1_343' title='bbox 971 3826 1065 3880; x_wconf 79' lang='lat' dir='ltr'><strong>referri</strong></span> <span class='ocrx_word' id='word_1_344' title='bbox 1078 3825 1166 3894; x_wconf 78' lang='lat' dir='ltr'><strong>dicas,</strong></span> <span class='ocrx_word' id='word_1_345' title='bbox 1180 3847 1229 3881; x_wconf 89' lang='lat' dir='ltr'><strong>cur</strong></span> 
     </span>
     <span class='ocr_line' id='line_1_39' title="bbox 162 3901 1229 3978; baseline 0.006 -24"><span class='ocrx_word' id='word_1_346' title='bbox 162 3916 243 3958; x_wconf 86' lang='lat' dir='ltr'><strong>ctum.</strong></span> <span class='ocrx_word' id='word_1_347' title='bbox 259 3905 350 3960; x_wconf 65' lang='lat' dir='ltr'><strong>Han.</strong></span> <span class='ocrx_word' id='word_1_348' title='bbox 717 3902 785 3958; x_wconf 85' lang='lat' dir='ltr'><strong>dixit</strong></span> <span class='ocrx_word' id='word_1_349' title='bbox 799 3925 853 3956; x_wconf 81' lang='lat' dir='ltr'><strong>sues</strong></span> <span class='ocrx_word' id='word_1_350' title='bbox 864 3901 981 3958; x_wconf 69' lang='lat' dir='ltr'><strong>tantum?</strong></span> <span class='ocrx_word' id='word_1_351' title='bbox 995 3908 1033 3959; x_wconf 82' lang='lat' dir='ltr'><strong>lle</strong></span> <span class='ocrx_word' id='word_1_352' title='bbox 1046 3907 1128 3978; x_wconf 86' lang='lat' dir='ltr'><strong>igitur</strong></span> <span class='ocrx_word' id='word_1_353' title='bbox 1140 3909 1229 3960; x_wconf 87' lang='lat' dir='ltr'><strong>corio·</strong></span> 
     </span>
    </p>

    <p class='ocr_par' dir='ltr' id='par_1_11' title="bbox 202 3984 1228 4056">
     <span class='ocr_line' id='line_1_40' title="bbox 202 3984 1228 4056; baseline 0.002 -18"><span class='ocrx_word' id='word_1_354' title='bbox 202 4004 230 4055; x_wconf 88' lang='lat'><strong>7.</strong></span> <span class='ocrx_word' id='word_1_355' title='bbox 244 3984 304 4038; x_wconf 80' lang='lat' dir='ltr'><strong>Sues</strong></span> <span class='ocrx_word' id='word_1_356' title='bbox 313 3999 436 4040; x_wconf 79' lang='lat' dir='ltr'><strong>tcntwnet</strong></span> <span class='ocrx_word' id='word_1_357' title='bbox 444 4005 577 4038; x_wconf 79' lang='lat' dir='ltr'><strong>numerosos</strong></span> <span class='ocrx_word' id='word_1_358' title='bbox 586 3985 672 4038; x_wconf 83' lang='lat' dir='ltr'><strong>edunt:</strong></span> <span class='ocrx_word' id='word_1_359' title='bbox 716 3984 917 4056; x_wconf 76' lang='lat' dir='ltr'><strong>siuspensiteta,</strong></span> <span class='ocrx_word' id='word_1_360' title='bbox 925 3998 992 4056; x_wconf 88' lang='lat' dir='ltr'><strong>puto</strong></span> <span class='ocrx_word' id='word_1_361' title='bbox 1002 3987 1039 4040; x_wconf 85' lang='lat' dir='ltr'><strong>sic</strong></span> <span class='ocrx_word' id='word_1_362' title='bbox 1050 3987 1228 4052; x_wconf 88' lang='lat' dir='ltr'><strong>scribendum,</strong></span> 
     </span>
    </p>
   </div>
   <div class='ocr_carea' id='block_1_5' title="bbox 161 4065 1230 4147">
    <p class='ocr_par' dir='ltr' id='par_1_12' title="bbox 161 4065 1230 4147">
     <span class='ocr_line' id='line_1_41' title="bbox 161 4065 1230 4147; baseline -0.008 -19"><span class='ocrx_word' id='word_1_363' title='bbox 161 4076 371 4147; x_wconf 77' lang='lat' dir='ltr'><strong>itemplum.1n</strong></span> <span class='ocrx_word' id='word_1_364' title='bbox 392 4071 466 4128; x_wconf 84' lang='lat' dir='ltr'><strong>MSS.</strong></span> <span class='ocrx_word' id='word_1_365' title='bbox 487 4069 598 4142; x_wconf 83' lang='lat' dir='ltr'><strong>legitur,</strong></span> <span class='ocrx_word' id='word_1_366' title='bbox 621 4086 673 4119; x_wconf 79' lang='lat' dir='ltr'><strong>sues</strong></span> <span class='ocrx_word' id='word_1_367' title='bbox 722 4066 784 4118; x_wconf 78' lang='lat' dir='ltr'><strong>-Ex</strong></span> <span class='ocrx_word' id='word_1_368' title='bbox 798 4065 994 4136; x_wconf 73' lang='lat' dir='ltr'><strong>omnibusqun</strong></span> <span class='ocrx_word' id='word_1_369' title='bbox 1003 4067 1230 4137; x_wconf 80' lang='lat' dir='ltr'><strong>perfeetosfems,</strong></span> 
     </span>
    </p>
   </div>
   <div class='ocr_carea' id='block_1_6' title="bbox 0 0 1604 5159">
    <p class='ocr_par' dir='ltr' id='par_1_13' title="bbox 0 0 1604 5159">
     <span class='ocr_line' id='line_1_42' title="bbox 0 0 1604 5159; baseline 0 5"><span class='ocrx_word' id='word_1_370' title='bbox 0 0 1604 5159; x_wconf 95' lang='lat' dir='ltr'><strong> </strong></span> 
     </span>
    </p>
   </div>
  </div>
 </body>
</html>
