3200 5159
374 493 451 590 490
638 491 676 562 e.
705 490 882 563 nsunt
908 488 1020 564 nur.
1050 487 1180 562 uisu.

374 627 493 696 feriore
517 649 602 720 gena
630 625 822 694 connivent.
851 624 986 694 Eudem
1011 610 1223 710 nictantur³,
1244 627 1288 696 ab
1314 627 1448 722 angulis

373 732 567 802 membrana
583 730 738 800 obeunte.
756 729 929 801 Columbae
946 744 980 800 et
1006 730 1142 817 similia,
1164 745 1306 827 utraque
1329 738 1447 803 conni-

374 853 463 908 vent.
485 842 526 907 At
545 825 802 932 quadrupedesl
818 863 893 932 quae
918 862 984 906 ora
1012 839 1165 932 pariunt,
1190 853 1228 908 ut
1245 839 1446 928 testudines,

372 943 548 1030 crocodili,
564 943 719 1013 inferiore
734 957 884 1032 tuntum,
902 945 974 1013 sine
995 941 1063 1012 ulla
1085 945 1283 1030 nictatione,
1304 961 1447 1042 propter

375 1051 545 1147 praeduros
563 1049 685 1119 oculos.
706 1053 900 1120 Extremum
921 1035 1106 1119 ambitum⁵
1127 1075 1220 1145 geuae
1242 1077 1280 1120 su
1305 1054 1446 1138 erioris,

375 1159 500 1252 antiqui
508 1155 618 1227 cilium
632 1180 794 1226 vocavere
811 1184 819 1226 :
841 1155 979 1225 undeet
994 1154 1179 1252 supercilia.
1195 1160 1269 1253 Hoc
1301 1157 1443 1228 vulnere

374 1263 484 1358 aliquo
501 1259 672 1334 diductum
693 1285 762 1332 non
783 1259 952 1351 coalescit,
965 1276 1005 1333 ut
1023 1263 1058 1330 in
1077 1263 1192 1357 paucis
1210 1264 1350 1333 humani
1368 1289 1444 1334 cor·

375 1373 466 1467 poris
486 1369 652 1438 membris.

342 1509 354 1546 ι
428 1478 554 1548 LVIII.
570 1474 663 1544 Infra
684 1473 799 1544 oculos
821 1472 915 1543 mnlae
929 1474 1057 1543 homiui
1072 1488 1222 1562 uotum,
1242 1499 1325 1570 quas
1343 1477 1446 1572 prisci

281 1591 283 1598 '
375 1607 475 1680 genas
503 1581 687 1671 vocabant,
716 1606 772 1652 xrr
800 1579 1006 1650 uhutarum¹
1038 1578 1214 1651 interdicto
1246 1582 1318 1651 radi
1345 1606 1367 1650 a
1397 1583 1445 1652 se·

380 1691 477 1760 minis
506 1711 561 1758 eas
592 1702 753 1758 vetantes.
781 1686 921 1757 Pudoris
953 1686 1178 1758 haec‘sedes².
1217 1687 1267 1756 Ibi
1300 1690 1446 1758 maxime

377 1795 562 1868 ostenditur
591 1793 703 1864 rubor.
832 1797 835 1802 ’

419 2035 445 2088 3.
466 2031 567 2086 Eadem
584 2035 715 2084 nictentur.
735 2029 814 2083 Arist.
834 2030 885 2084 loc.
929 2048 987 2101 csp.
1006 2033 1040 2096 6,
1059 2029 1162 2101 Apbor.
1186 2047 1238 2100 19,
1257 2021 1446 2102 intestinisque

377 2113 453 2184 prius
461 2113 506 2166 cit.
515 2113 658 2164 Psittacuru
668 2123 756 2163 tamen
765 2110 887 2181 excipere
928 2109 1069 2173 tenuibus,
1093 2129 1126 2162 ex
1143 2108 1255 2176 eodem
1269 2111 1372 2181 Apbor.
1394 2124 1440 2173 ιι.

377 2206 492 2264 uterque
504 2190 612 2244 debuit:
624 2190 695 2242 huuc
707 2190 778 2242 enirn
791 2188 887 2242 nictari
928 2187 1020 2242 IIsnu.
1034 2221 1075 2230 -
1089 2191 1184 2256 Error,
1194 2189 1238 2242 cul
1249 2207 1313 2243 cere
1331 2209 1367 2244 ne
1383 2209 1445 2244 ere·

370 2285 483 2344 negant.
500 2264 603 2323 Nicturi
617 2287 699 2341 porro
715 2281 753 2322 est
768 2287 837 2339 supe
856 2286 887 2321 sc
928 2265 985 2321 dus.
997 2271 1044 2321 As.

377 2352 469 2404 ieviter
478 2349 586 2404 oculum
595 2366 709 2401 morere.
719 2347 804 2401 Graeci
813 2368 888 2420 ussp-
968 2347 1070 2400 LVIII.
1085 2365 1111 2401 r.
1124 2346 1191 2400 Iluds‘
1202 2341 1330 2413 ufir-iuis
1345 2369 1386 2401 ees
1398 2368 1445 2400 oea

377 2425 513 2503 dspirrssr
526 2426 620 2483 dicunt
632 2447 639 2479 s
653 2427 739 2496 Galli,
751 2428 844 2498 eligner
854 2428 888 2479 les
931 2438 1017 2480 tarsu.
1038 2422 1180 2497 Unguibus
1199 2427 1328 2494 lacerari,
1346 2447 1444 2482 auen·

375 2511 552 2581 ysue.IIsun.
930 2506 1001 2572 teri,
1023 2504 1172 2577 proscindi.
1193 2506 1271 2562 Festo
1303 2505 1443 2567 fidicines,

420 2591 446 2654 4.
459 2589 498 2642 At
512 2587 684 2662 quadrupedes.
698 2586 778 2640 Arist.
794 2585 842 2639 lib.
860 2579 889 2639 11
930 2603 1032 2638 resores
1043 2585 1185 2638 Veteribus
1199 2584 1281 2650 dicti,
1293 2586 1368 2658 quod
1378 2586 1446 2640 fides

377 2669 412 2724 de
426 2671 497 2723 Pert-
513 2669 604 2722 Anim·
626 2685 686 2739 esp.
707 2665 758 2733 13,
776 2685 804 2738 p.
820 2667 887 2736 993.
930 2662 1025 2718 redunt
1035 2676 1062 2718 et
1077 2665 1207 2718 obterunt.
1220 2666 1260 2720 Ne
1274 2667 1316 2718 vel
1327 2666 1379 2718 illu
1391 2667 1444 2737 igi-

378 2752 469 2804 Hsnu.
483 2779 523 2791 -
538 2747 711 2818 Quadrupedes
726 2751 768 2818 qui
782 2766 828 2799 ora
839 2766 888 2816 pu·
931 2755 977 2796 tur
998 2744 1028 2797 iu
1046 2761 1074 2796 se
1094 2743 1232 2811 raderent,
1249 2743 1324 2817 quod
1340 2742 1447 2800 decoris

378 2835 470 2882 riuus...
486 2831 623 2880 nictatione.
647 2826 683 2879 Hi
702 2816 889 2897 quadrupedes
931 2821 1447 2897 affectationelierisoletsquibusdsrn,

378 2927 410 2962 ex
423 2908 530 2981 iprsrbs
546 2925 675 2969 numero,
697 2905 814 2958 chelouii
830 2923 888 2958 orn-
931 2903 992 2967 vel,
1005 2922 1041 2955 ne
1051 2902 1080 2955 iu
1091 2902 1156 2956 siris
1165 2902 1298 2958 rederent.
1310 2904 1446 2958 Tonsures

378 3007 440 3052 nes,
460 2987 502 3041 rel
522 2985 600 3039 esurii
622 2981 694 3050 (uem
717 2983 751 3037 de
774 2983 890 3037 batraciis
932 2982 1005 3036 euim
1017 2995 1078 3035 ente
1090 3000 1189 3036 sunum
1204 2983 1238 3037 sb
1250 2981 1326 3035 Urbe
1336 2982 1445 3038 condite

377 3068 416 3120 nil
431 3059 541 3134 moror).
559 3059 596 3118 lis
608 3084 672 3137 ergo
684 3065 781 3136 triplex
800 3064 891 3136 pslpe·
935 3062 991 3126 454
1000 3101 1007 3126 ,
1023 3061 1052 3115 in
1069 3062 1145 3116 Italis
1161 3082 1217 3116 nou
1236 3063 1331 3130 fuisse,
1350 3075 1447 3117 unctor

377 3146 427 3205 bra
442 3164 450 3199 :
468 3147 545 3200 tertis
555 3158 585 3197 ut
596 3145 625 3198 in
639 3145 731 3198 eribus
745 3144 890 3209 verticulis,
931 3140 1025 3195 scribit
1038 3159 1097 3213 csp.
1115 3142 1167 3210 59,
1180 3143 1228 3196 lib.
1246 3142 1323 3195 VIII.
1342 3143 1397 3194 Lex
1412 3161 1445 3197 es

377 3221 553 3279 horizoutnles
564 3235 664 3278 entem
673 3264 682 3289 ,
699 3237 726 3277 et
750 3242 810 3294 que
829 3224 891 3277 ber·
932 3222 983 3275 suit
995 3218 1197 3275 Decemvirslis:
1213 3217 1354 3276 «mulieres
1364 3241 1445 3293 genes

377 3307 474 3360 metire
495 3297 684 3357 occluduntur.
700 3304 748 3356 Ar.
931 3319 967 3353 ne
983 3298 1118 3365 ruduuto,
1136 3320 1203 3354 neve
1228 3301 1324 3356 lessuur
1345 3301 1447 3355 funeris

421 3385 446 3440 ⁵.
462 3385 603 3436 Eutremrsru
617 3383 739 3436 ambitura.
751 3381 807 3435 Ubi
818 3381 892 3454 pilie
933 3398 996 3452 ergo
1009 3379 1134 3433 habento.
1148 3407 1160 3428 ι
1179 3379 1301 3434 savard.
1314 3399 1374 3451 esp.
1394 3383 1446 3449 15,

379 3463 666 3536 genasuperiote,sen
677 3463 818 3535 palpebre,
831 3479 893 3516 eus·
934 3459 963 3513 iu
984 3460 1035 3531 leg.
1058 3457 1199 3514 duodecim
1221 3460 1320 3514 Tubul.
1343 3459 1444 3524 Solon.

379 3556 502 3598 suuntur.
517 3539 609 3594 llssn.
934 3538 1009 3612 quod
1021 3540 1050 3591 in
1062 3542 1119 3611 ejus
1134 3538 1186 3593 ritu
1204 3535 1364 3594 Plutarchus
1382 3541 1446 3594 scri·

419 3631 446 3679 6.
473 3621 529 3674 Hoc
549 3619 656 3674 vultum.
678 3621 787 3676 Aristot.
803 3619 852 3674 lib.
875 3615 891 3674 1'
933 3618 1006 3688 psit,
1028 3617 1125 3689 ἀμυχὰς
1147 3620 1307 3690 κοπτομένων
1332 3617 1445 3692 cipibus,

291 3717 293 3722 ·
379 3704 445 3758 llist.
463 3702 553 3755 Anius.
573 3719 632 3772 cup.
654 3718 776 3772 11,psg.
793 3697 891 3770 95,de
933 3697 1119 3769 Plangentiurn
1139 3699 1310 3754 lacerationes
1329 3700 1446 3754 sustulit.

378 3783 510 3855 preputio
525 3798 630 3854 egeus:
655 3781 697 3834 lits
716 3777 840 3850 ὃναιιοπῇ,
864 3781 891 3833 ui
935 3779 1040 3832 Druse.

378 3857 589 3936 suppisres,obdl
598 3859 695 3932 γνάθος,
704 3855 760 3914 etit
768 3859 891 3930 βλιφιρίς.
977 3875 1003 3911 2.
1014 3855 1118 3909 Pudoris
1128 3855 1180 3910 tae
1187 3858 1261 3912 sedes.
1270 3855 1356 3929 Apud
1366 3859 1447 3912 Athe·

381 3971 393 3992 ι
405 3945 432 3998 Si
447 3957 565 4008 secetur,
577 3959 632 3994 non
646 3941 715 3994 coita
728 3940 795 3993 sicut
804 3957 892 4011 neque
934 3956 1023 3991 nseum
1035 3955 1096 4009 psg.
1114 3956 1185 4007 279,
1199 3937 1269 3991 lines
1282 3941 1330 4009 37.
1344 3939 1446 3992 Aristo-

378 4025 463 4091 rnslre,
473 4041 560 4094 neqrm
569 4021 714 4094 palpebre,
723 4019 779 4073 sire
788 4037 889 4091 genua
935 4018 1000 4072 teles
1013 4019 1057 4075 riis
1067 4011 1132 4070 etto
1146 4019 1171 4071 is
1181 4019 1314 4091 ὀφθαλμοῖς
1323 4022 1446 4074 sessuris

377 4105 418 4158 Dc
434 4103 566 4176 preputio
583 4101 684 4174 pariter
698 4099 891 4171 Hippocrates,
935 4097 1036 4153 scribit.
1051 4097 1153 4151 Dsuc.
