3200 5159
564 486 719 559 LIBER
745 486 812 558 IX.
1152 492 1217 565 131

152 624 288 695 canibus
310 650 319 692 ε
338 650 401 695 nec
422 626 535 693 tamen
555 646 652 692 aures
672 622 872 692 feminarum
891 638 1055 694 arcentur.
1080 628 1225 715 Quidam
1246 654 1260 686 2
1290 600 1300 615 ’

151 732 288 801 tradunt
298 717 322 818 ⁵,
337 732 423 801 sicut
434 729 570 825 apibus,
580 731 628 799 ita
641 729 847 799 concharum
862 730 1066 802 examinibus
1082 734 1228 829 singulos

151 836 378 933 magnitudine
395 851 430 907 et
450 822 636 906 vetustate⁶
657 836 863 930 praecipuas,
883 862 954 907 esse
979 836 1082 908 veluti
1104 841 1226 927 duces,

151 947 245 1014 mirre
262 944 306 1015 ad
329 943 516 1015 cavendum
536 942 702 1013 solertiae:
721 943 784 1011 has
802 944 1005 1013 urinantium
1028 972 1107 1015 curo
1129 952 1224 1042 peti:

150 1050 213 1121 illis
231 1054 356 1148 captis,
371 1048 467 1121 facile
488 1065 624 1143 ceteras
645 1048 795 1144 palantes
812 1051 938 1121 retibus
960 1052 1092 1122 includi.
1115 1055 1225 1127 Multo

78 1227 80 1230 .
150 1157 271 1229 deinde
285 1160 415 1229 obrutis
428 1156 516 1228 sale⁷
532 1159 566 1227 in
580 1157 667 1225 vasis
682 1154 855 1245 fictilibus,
884 1182 979 1227 erosa
1000 1182 1101 1229 carne
1114 1165 1224 1249 omni,

151 1265 288 1337 nucleos
307 1250 488 1362 quosdam⁸
510 1288 713 1358 corporum,
734 1261 800 1331 hoc
822 1278 892 1351 est,
914 1266 1053 1335 uniones
1073 1267 1225 1338 decidere

151 1373 185 1439 in
204 1372 302 1442 ima⁹.
913 1400 914 1405 ¹

205 1482 296 1550 LVI.
315 1481 389 1549 Usu
407 1477 504 1549 atteri
523 1502 593 1547 nou
614 1476 755 1546 dubium
778 1491 852 1565 est,
880 1475 1092 1574 coloremque
1114 1482 1223 1552 indili-
1246 1516 1257 1549 1

151 1586 262 1681 gentis
273 1599 415 1656 mutare.
430 1588 502 1655 Dos
515 1586 624 1654 omnis
635 1585 670 1651 iu
682 1583 857 1668 candor-2¹,
867 1576 1111 1679 magnitudine,
1125 1590 1224 1675 orbe,

195 1823 342 1893 5.()uidcnr
358 1822 466 1876 eradius.
481 1822 668 1894 Megasthenes
712 1822 875 1881 ἀλισθίνταςε
905 1821 1027 1895 nihilque
1054 1826 1142 1879 verius
1169 1847 1224 1881 esse

153 1903 225 1976 apud
237 1904 391 1970 Accianum,
402 1902 550 1967 inludicis,
557 1921 586 1973 p.
599 1902 666 1968 525;
710 1900 868 1972 pronuntiat
881 1920 887 1953 :
901 1904 1028 1974 quoniam
1041 1904 1109 1957 nihil
1124 1906 1158 1960 de
1171 1911 1223 1961 sole

153 1979 398 2054 AElinnus,1·1istor.
411 1984 527 2036 Animal.
540 1983 588 2036 lih.
602 1984 667 2048 XV,
710 1980 894 2051 Megasthenes
914 1981 990 2053 apud
1007 1984 1159 2040 Arrianum.
1176 1990 1224 2042 Pe·

153 2086 178 2119 c.
194 2068 225 2132 8;
237 2064 359 2125 Solinus,
374 2082 432 2135 cap.
443 2081 507 2116 nisi.
520 2062 611 2116 Hsnn.
709 2059 787 2113 rinde
800 2060 874 2133 quasi
894 2064 984 2115 omnis
1005 2081 1037 2115 ex
1052 2064 1222 2134 Megasthene

193 2150 220 2198 6.
240 2143 413 2215 Magnitudine
427 2156 453 2196 es
466 2154 587 2195 vetustate
598 2162 665 2213 proe-
709 2142 829 2194 Plinium
848 2158 954 2195 necesse
973 2144 1006 2195 sit
1027 2147 1174 2216 accepisse:
1191 2169 1221 2203 nc

153 2223 488 2297 circumueniendum.
503 2221 577 2289 Quid
589 2223 611 2276 si
623 2243 666 2275 oe
708 2242 763 2275 non
777 2219 805 2274 id
819 2219 891 2293 quod
900 2223 1030 2276 Arrianus
1038 2228 1221 2294 pretermisit,

154 2317 247 2357 mtote
259 2304 347 2377 legas?
361 2302 395 2357 ld
405 2306 478 2357 euim
490 2303 519 2355 in
532 2302 575 2356 his
588 2320 666 2373 arque
708 2320 778 2354 exeo
788 2302 907 2372 potuerit
917 2302 992 2355 fonte
999 2303 1112 2368 haurire,
1122 2326 1153 2359 ex
1163 2327 1219 2380 quo

153 2385 257 2457 regium
273 2398 321 2439 est.
342 2386 378 2437 Et
394 2384 515 2436 AElianos
536 2383 583 2454 qui
606 2383 664 2439 haec
708 2381 843 2446 Elimas,
859 2382 905 2453 qui
914 2382 965 2435 loc.
979 2382 1023 2435 cit.
1036 2384 1147 2439 totidem
1158 2408 1220 2445 ser·

153 2461 495 2537 quoqueexiisdemlsuusit
508 2463 664 2517 Grecorunr
708 2462 749 2515 bis
760 2460 853 2515 eadem
870 2473 967 2514 narrat.
987 2463 1048 2524 Τοὺς
1070 2460 1099 2519 st
1121 2472 1219 2539 teptis.

153 2545 287 2611 l'ontihns,
298 2544 399 2598 Histor.
411 2543 527 2597 Animal.
537 2544 586 2596 lib.
599 2544 663 2608 XV,
708 2562 764 2607 τας,
775 2543 798 2594 is
808 2542 937 2601 πιθάκναις
945 2542 1058 2612 λέγονται
1073 2550 1217 2618 ταριχιύιιν·

153 2642 210 2697 esp.
225 2627 256 2690 8,
271 2625 434 2678 concharum
448 2621 545 2677 ducem
557 2623 594 2676 ait
608 2642 663 2677 esse
706 2622 766 2675 drus
778 2617 809 2674 di
820 2623 835 2677 ri
846 2620 907 2691 σὰρξ
918 2616 1028 2693 podien,
1039 2624 1081 2677 καὶ
1093 2629 1218 2699 nepueu„

152 2718 210 2759 tum
221 2705 320 2758 coloris
329 2702 536 2776 pulchritudine,
546 2715 663 2756 tumme·
706 2702 886 2755 καταλείπεται
908 2703 923 2757 ἡ
942 2704 1028 2773 ψῆφος.
1049 2730 1059 2751 ι
1078 2706 1175 2777 Captos
1190 2711 1219 2763 in

152 2778 663 2857 gnitndineprsestantem:dsnrrpsu·itsel
706 2782 794 2853 parvis
814 2780 894 2834 doliis
918 2782 972 2835 sale
996 2782 1149 2839 condiunt:
1170 2792 1217 2845 ubi

152 2866 291 2937 τὴνχρόαν,
301 2864 344 2918 καὶ
353 2864 380 2919 τὸ
388 2865 498 2936 μέγεθος.
511 2864 602 2918 Ηιιιυ.
705 2881 789 2935 quum
802 2880 864 2913 earo
878 2862 1056 2929 contabuerit,
1068 2865 1218 2923 defluxerit·

193 2964 222 3015 7.
252 2945 336 2997 Multo
363 2944 449 2997 deinde
478 2944 570 2997 obrutis
602 2945 663 2998 sale.
706 2961 774 3014 que,
790 2942 857 2995 nnio
874 2942 945 2995 solus
954 2943 1125 3015 relinquitur.
1139 2949 1196 3003 ‚tt

152 3024 228 3078 MSS.
240 3023 347 3078 obustus.
358 3026 462 3077 Verum
477 3024 569 3078 obrutis
583 3024 664 3077 scribi
748 3025 774 3075 8.
789 3023 895 3075 Nucleos
905 3024 1029 3093 quosdam.
1043 3025 1130 3079 Graeci
1139 3028 1217 3090 λίθους

152 3119 278 3177 oportere
292 3106 335 3158 vel
351 3105 408 3177 ipsa
428 3122 477 3176 per
491 3116 664 3158 restructum
707 3114 734 3155 et
747 3104 908 3163 deirorum.
922 3104 1021 3155 Chares
1035 3104 1217 3177 Mitylenaeus,

152 3186 280 3239 orationis
292 3183 426 3239 admouet.
442 3183 523 3249 Quod
535 3204 617 3256 porro
629 3180 664 3237 ad
708 3183 809 3235 Histor.
821 3182 868 3234 lib.
877 3182 941 3244 V11,
953 3181 1031 3236 Alex.
1041 3185 1112 3255 apud
1123 3190 1217 3244 Athen.

153 3284 211 3317 rem
226 3265 311 3336 ipsam
325 3264 434 3330 attinet,
450 3264 536 3317 inanis
549 3277 587 3317 est
599 3283 664 3317 con-
707 3262 754 3315 lib.
768 3262 823 3326 111,
833 3280 894 3332 pag.
905 3260 952 3330 93,
963 3263 1099 3322 ὀςᾱλευκαί.
1113 3268 1220 3321 Tertul-

151 3346 254 3416 jectura
272 3344 408 3408 salmasii,
427 3363 488 3416 psg.
519 3361 611 3415 1172,
635 3344 666 3396 in
707 3339 851 3407 lianns,de
859 3342 941 3396 Cultu
950 3342 1051 3397 Femin.
1063 3345 1110 3399 lib.
1125 3346 1149 3413 1,
1161 3368 1218 3421 rap.

153 3424 239 3479 Solin.
252 3423 426 3477 existimantis
435 3425 664 3496 properantemiu
710 3424 739 3490 5,
756 3442 817 3494 pag.
846 3420 921 3475 152:
950 3424 1138 3479 ·conchsrurn
1155 3431 1221 3484 vitia

152 3503 267 3578 legendo
274 3505 390 3558 Plinium
397 3505 663 3558 hallucinatumesse:
708 3518 736 3559 et
748 3520 881 3555 verrucas.
893 3526 904 3547 ι
924 3500 1014 3558 Hsnn.

153 3604 409 3657 quumqueagraco
418 3586 550 3656 scriptore
560 3584 665 3656 accipe·
749 3602 776 3651 9.
799 3582 904 3634 Unioues
925 3582 1031 3635 decidere
1053 3588 1078 3637 s'u
1101 3592 1157 3641 ima.
1184 3591 1222 3643 Ut

153 3677 211 3732 ret,
222 3664 296 3737 quod
310 3664 381 3736 apud
393 3666 537 3719 Arrianum
550 3664 663 3735 legitur:
709 3681 802 3717 omnes
811 3662 1005 3726 concretiones,
1018 3665 1094 3718 etiam
1103 3668 1125 3720 si
1132 3686 1184 3739 quo
1193 3672 1221 3721 in

152 3750 210 3805 τοὺς
226 3746 331 3806 ἁλόντας
352 3748 467 3816 περιορᾷν
482 3746 664 3803 κατασαπῆναί
710 3742 970 3814 corporeanimautis
978 3742 1070 3809 lateat,
1081 3749 1222 3803 extrahan-

153 3845 223 3894 σφισι
237 3825 281 3881 τὴν
295 3825 438 3897 ααίραα,τῷ
447 3820 477 3879 di
492 3826 554 3895 ὄςέῳ
569 3826 603 3886 εἰς
622 3826 666 3878 xo'·
711 3836 765 3886 tur,
782 3822 824 3876 via
851 3821 929 3892 longe
954 3822 1147 3895 simplicissima
1170 3844 1242 3894 estV

153 3924 218 3974 opos
226 3909 329 3976 χρῆσθαι
340 3944 348 3972 ,
361 3905 445 3975 captis
459 3905 569 3959 conchis
582 3903 666 3958 Indos
710 3921 801 3957 carnes
813 3902 852 3955 ita
869 3902 1002 3973 negligere
1019 3918 1049 3959 ut
1067 3921 1161 3977 sponte
1174 3909 1225 3962 dis·

153 4002 248 4038 carnes
267 4004 358 4039 earum
376 3986 463 4039 sinere
490 3999 664 4055 putrescere:
709 3984 854 4038 solventur.
879 3982 958 4035 Tunc
989 3985 1063 4037 enim
1090 3990 1226 4043 concretio

153 4063 272 4128 osse,ad
283 4077 407 4118 ornatum
424 4066 484 4118 uti:
499 4064 666 4136 alindsgen·
711 4065 764 4118 ima
778 4082 908 4134 aquarum
919 4062 996 4133 petit.
1008 4065 1125 4120 Cuvisn.
1154 4062 1160 4073 ¹
1192 4081 1204 4099 ⁸

153 4156 209 4195 tern
223 4162 272 4215 pro
284 4146 447 4206 τοὺςάλόντας
458 4146 601 4199 somniasse
610 4148 665 4208 τοὺς
750 4144 823 4197 LVI.
851 4162 874 4196 r.
901 4144 953 4211 Dos
974 4150 1050 4197 omns's
1068 4150 1093 4197 in
1111 4150 1225 4205 condor-e.

1057 4253 1098 4339 o’
