3200 5159
367 507 436 592 add
639 507 678 574 C.
704 506 872 577 PLINII
896 507 1003 578 NAT.
1029 507 1157 577 HIST.

366 655 479 711 orator
506 641 718 726 Hortensius,
751 638 897 710 aditiali²
934 665 1029 711 eoena
1053 640 1241 712 'sacerdotii
1269 641 1429 736 Saginare
1466 685 1473 696 -

364 749 491 842 primus
524 747 664 816 instituit
707 748 794 816 circa
832 747 1047 817 novissimum
1085 748 1260 842 piraticum
1301 746 1427 820 bellum

365 855 412 921 M.
429 837 599 922 Aufidius³
618 855 750 935 Lurco,
769 877 875 947 exque
895 876 937 922 eo
954 868 1083 948 quaestu
1101 851 1224 922 reditus
1240 855 1427 925 sestertium

366 981 529 1054 sexagena
549 956 650 1028 millia
669 958 797 1027 babuit.
1368 1017 1378 1039 „

279 1153 283 1160 ,
333 1094 345 1128 1
418 1066 545 1134 XXIV.
564 1051 680 1158 (uxr.)
701 1065 853 1134 Proxime
878 1063 1016 1160 gloriam
1043 1065 1190 1134 sentiunt
1206 1077 1240 1134 et
1259 1063 1295 1132 hi
1321 1068 1451 1136 nostri·

365 1169 481 1266 vigiles
500 1172 678 1257 nocturni,
706 1194 789 1265 quos
812 1169 1013 1241 excitandis¹
1042 1171 1077 1238 in
1091 1193 1194 1264 opera
1215 1170 1426 1257 mortalibus,

365 1275 615 1371 rumpendoque
637 1295 754 1347 somno
784 1276 913 1346 Natura
939 1276 1062 1372 genuit.
1089 1277 1225 1346 Norunt
1246 1276 1373 1366 sidera,
1388 1293 1427 1369 et

366 1396 476 1452 ternas
494 1381 700 1476 distinguunt
719 1383 819 1452 horas
843 1382 986 1452 interdiu
1011 1396 1119 1452 cantu.
1139 1384 1227 1452 Cum
1249 1382 1324 1452 Sole
1345 1399 1426 1454 eunt

365 1487 533 1572 cubitum,
545 1487 743 1582 quartaque²
756 1491 913 1558 castrensi
925 1487 1088 1584 vigiliaad
1102 1511 1199 1558 curas
1213 1487 1425 1584 laboremque

364 1607 534 1664 revocant.
554 1595 626 1664 Nec
646 1592 730 1664 Solis
753 1609 864 1664 ortum
888 1597 1028 1664 incautis
1049 1596 1221 1689 patiuntur
1243 1595 1424 1690 obrepere:

408 1841 432 1876 a.
444 1821 561 1874 Aditr'uli.
576 1822 616 1874 Ita
628 1823 693 1892 Reg.
713 1838 737 1886 r,
757 1840 783 1886 a,
795 1820 874 1875 Colb.
917 1821 998 1874 habet
1013 1820 1061 1873 iste
1077 1821 1182 1885 Varro,
1199 1820 1251 1874 loo.
1269 1821 1316 1875 cit.
1334 1822 1425 1876 Refert

370 1920 399 1967 r,
417 1923 450 1967 n,
467 1901 550 1953 Porio.
568 1899 659 1954 ctriffl.
677 1913 726 1955 ete.
743 1899 799 1953 Alii
814 1901 876 1970 arisi·
918 1899 1008 1954 endem
1020 1898 1121 1970 pariter
1132 1912 1159 1952 et
1171 1900 1283 1954 Tertull.
1299 1901 1424 1954 antelm-

366 1982 425 2033 er'ali
452 1981 544 2052 legunt
570 1996 577 2032 ι
608 1980 739 2032 Barbarus
770 1979 874 2050 acqua.
917 1977 1002 2032 datus.
1015 1979 1106 2032 Efficit
1119 1997 1202 2049 porro
1216 1979 1319 2051 gallica
1334 1999 1425 2034 mone·

367 2057 544 2124 effluentem,
564 2058 700 2130 opiparam
724 2059 875 2130 lectamque
917 2070 951 2110 te
964 2058 1021 2111 hec
1033 2077 1135 2111 summe
1145 2075 1301 2130 sexagenum
1311 2059 1425 2113 millium

367 2137 618 2210 emnamsignificari
632 2156 662 2190 ea
674 2157 741 2193 voce
753 2138 875 2209 plerique
917 2154 1071 2203 nummum,
1094 2138 1149 2192 rive
1166 2138 1327 2206 sestertium,
1343 2139 1424 2193 librar

367 2236 458 2272 omnes
470 2217 645 2270 consentiunt.
654 2217 819 2270 Eruditioree
833 2215 877 2270 de·
920 2220 998 2268 6000.
1018 2218 1109 2270 lieno.
1133 2247 1173 2259 -
1191 2217 1307 2272 Moneta
1329 2231 1424 2272 nom

367 2297 470 2351 ducunt
494 2298 527 2348 ab
553 2295 626 2348 aditu
648 2295 813 2354 sucerdotiI‚
833 2297 875 2350 vel
917 2295 1023 2349 circiter
1040 2315 1145 2366 ωηο
1158 2296 1191 2349 lr.
1204 2299 1257 2351 En.

308 2420 310 2428 .
369 2375 491 2430 adeundo
506 2373 642 2428 sacrificio.
663 2376 698 2428 Et
717 2394 809 2430 revera
823 2394 877 2428 me·
958 2375 1059 2429 XXIV.
1080 2395 1105 2430 1.
1122 2375 1427 2445 Qmmrmufflne

368 2456 446 2510 minit
463 2454 605 2508 Suetonius
620 2454 648 2506 iu
671 2453 796 2520 Claudio,
817 2473 875 2525 cap.
918 2455 1026 2524 diriter-op
1040 2452 1112 2526 epud
1127 2455 1233 2509 Grecos
1249 2457 1333 2527 gellus
1346 2475 1425 2510 voea-

368 2553 408 2602 rx,
413 2548 566 2606 sumptuum
572 2552 631 2605 quar
637 2534 722 2587 facere
730 2553 791 2588 eum
796 2553 876 2606 opor·
919 2544 973 2598 tur,
983 2532 1056 2606 quod
1064 2553 1113 2588 noe
1122 2536 1150 2587 lx
1157 2540 1200 2587 τοῦ
1208 2538 1322 2607 lixrpeu,
1333 2537 1425 2590 electo

369 2615 440 2678 tuit,
460 2632 507 2684 pro
534 2617 633 2666 introiere
661 2617 716 2667 novi
740 2614 875 2666 sacerdotii.
918 2612 1029 2678 excitet,
1044 2611 1132 2685 inquit
1145 2615 1297 2678 Athenous,
1312 2615 1425 2680 lib.1X,

370 2693 425 2746 Ubi
445 2691 499 2745 vid.
521 2694 674 2746 Comment.
687 2692 876 2746 timo-ct.
918 2704 979 2763 pag·
998 2692 1064 2762 374.
1076 2694 1167 2748 fluo.

371 2775 439 2826 inira
459 2772 507 2824 lib.
527 2772 638 2838 XXIX,
657 2790 714 2843 cap.
725 2779 764 2839 A,
779 2772 834 2825 lere
843 2773 877 2825 ab
962 2790 987 2824 ι.
1010 2773 1160 2845 Quat-tuque.
1179 2771 1324 2827 Nocturna
1338 2773 1367 2826 iu
1381 2791 1426 2827 ca·

370 2853 461 2915 initio,
471 2851 517 2904 ubi
526 2851 618 2922 epulum
628 2851 876 2921 aeljicialevocatur:
919 2851 979 2904 stria
992 2853 1124 2918 excubie,
1137 2865 1167 2905 ut
1179 2855 1233 2923 jem
1246 2865 1306 2906 aute
1320 2852 1426 2906 monui·

370 2931 498 2984 nimirum
505 2927 700 3002 ubadjieiendo.
707 2931 798 2984 Flebat
805 2930 878 2984 inau-
920 2948 993 2994 mus,
1007 2931 1034 2982 in
1046 2943 1173 3000 quaterna
1182 2931 1368 2986 dividebantur
1377 2933 1426 2984 ho·

371 3008 483 3082 gurandi
503 3009 601 3081 gratia,
616 3023 662 3062 eut
679 3009 707 3060 in
725 3010 832 3081 publica
852 3022 879 3063 et
920 3010 1427 3083 rarumepatia,itautprima,aecunde,

372 3092 437 3146 leste
452 3088 548 3143 letitia.
563 3089 668 3142 Cornel.
683 3089 812 3155 Tacitus,
826 3091 879 3142 An·
921 3088 1011 3156 tertia,
1026 3101 1171 3161 quartaque
1184 3091 1273 3164 vigilia
1286 3089 1426 3145 diceretur.

372 3171 425 3224 nal.
435 3171 477 3222 11:
492 3194 502 3216 ι
515 3168 673 3239 Rescuporis
679 3167 836 3234 sanciendo,
846 3180 878 3221 ut
921 3167 1184 3240 Iluam—Diernque
1205 3175 1354 3237 nemmem,
1374 3184 1425 3225 etc.

372 3249 541 3314 dictitabant,
555 3247 648 3300 foederi
664 3249 817 3301 convivium
831 3247 878 3300 ad·
923 3247 1007 3317 Hujus
1020 3249 1059 3300 rei
1074 3267 1178 3302 cautem
1192 3249 1305 3304 reddere
1317 3263 1429 3303 conetur

370 3331 443 3402 Jicit,
455 3341 590 3399 tractaque
605 3327 633 3380 iu
646 3328 755 3380 multam
772 3339 878 3380 noctem
921 3318 1116 3380 Cicerolian
1127 3326 1163 3381 de
1173 3329 1349 3382 Divinatione.
1364 3330 1428 3382 Earn

372 3409 462 3463 letitia
472 3425 520 3479 per
530 3407 620 3479 epulas
629 3423 660 3458 ae
671 3406 852 3460 vinolentiam.
862 3430 874 3453 ι
922 3405 1012 3458 multis
1026 3407 1183 3477 explicatam
1194 3407 1256 3461 vide
1270 3407 1343 3480 apud
1356 3409 1429 3462 nho·

373 3488 507 3560 Adjicialis
519 3504 591 3540 coena
604 3483 715 3556 adipalis
732 3499 757 3538 et
769 3485 879 3557 pontili-
922 3482 1058 3556 digimlib.
1065 3487 1134 3538 XIII
1144 3527 1152 3549 ,
1162 3506 1221 3558 cap.
1234 3495 1275 3542 16.
1285 3486 1430 3542 Indeseili·

333 3571 335 3574 ’
371 3566 614 3632 colis,Macrobius
626 3565 674 3617 lib.
686 3565 744 3628 111,
759 3583 817 3636 cup.
834 3563 878 3618 13.
922 3575 964 3616 cet
977 3564 1113 3636 Tragoedi,
1132 3566 1236 3636 κήρυκας
1252 3568 1428 3638 ἀλεκτρυόνας,

373 3649 404 3701 In
416 3667 447 3702 ea
458 3648 528 3700 enim
541 3664 612 3698 coena
624 3644 690 3697 dicis
706 3662 782 3697 coum
793 3645 880 3716 ponti·
923 3653 1047 3714 tanquam
1063 3645 1165 3698 vocales
1182 3659 1208 3699 et
1222 3647 1350 3700 clamosos
1365 3665 1431 3717 prro·

373 3728 418 3780 fex
432 3727 534 3797 epulari
545 3723 696 3787 dicebatur,
708 3721 736 3775 id
750 3737 804 3787 est,
818 3724 881 3777 reli·
922 3723 1146 3792 couesappellant,
1158 3726 1207 3778 ἀπὸ
1216 3732 1259 3778 τοῦ
1270 3728 1367 3796 γαρύειν
1375 3727 1431 3779 Eu·

372 3807 438 3880 giosi
463 3805 637 3876 solemnisque
656 3801 767 3856 instituti
786 3821 879 3867 caum,
922 3801 1032 3864 statbio,
1047 3822 1062 3855 a
1076 3803 1245 3858 vociferando
1256 3822 1264 3857 r
1274 3823 1330 3875 qno
1341 3818 1431 3875 etymo

372 3899 402 3939 ut
411 3885 479 3940 inlra
488 3887 535 3939 lib.
548 3883 681 3946 XXVIII,
692 3901 748 3953 cap.
762 3901 787 3948 a,
796 3885 880 3953 νόμον,
923 3892 949 3934 et
963 3879 1071 3951 tripudiu,
1085 3895 1114 3934 ut
1126 3883 1242 3950 Stentor,
1253 3896 1278 3937 et
1288 3883 1432 3956 rriposse'rer,

369 3969 458 4028 ὁσίας,
494 3966 581 4027 leion,
606 3962 760 4038 ulpomeieroe
792 3964 880 4028 Ivem,
925 3971 955 4012 m
970 3960 1080 4014 Homeri
1094 3961 1430 4033 ριιιιιοιιειᾶὶοίροιιιιιιι,

368 4049 446 4116 χάριν.
464 4049 564 4100 Deme.
924 4042 994 4109 παρὰ
1017 4043 1044 4095 τὸ
1059 4043 1112 4110 ebpb
1132 4043 1230 4106 βάζειν,
1249 4042 1322 4113 qnod
1336 4061 1430 4096 eorum

410 4129 435 4182 3.
458 4129 494 4180 Μ.
513 4124 634 4196 Aufidius.
653 4119 777 4175 Totidem
793 4121 881 4173 verbis
923 4120 1428 4192 sonoravoxproculexandiatur.00ni.
