3200 5159
556 521 715 590 ninus
747 521 814 586 xr.
1148 531 1226 624 tts

208 654 329 722 Pennae
353 653 487 722 insectis
511 653 667 722 omnibus
691 653 761 722 sine
793 653 963 720 scissura¹¹
983 679 993 734 ;
1014 655 1096 724 nulli
1118 661 1259 730 ceuda3

152 762 217 830 nisi
239 759 444 853 scorpioni²¹.
468 759 532 828 Hic
558 783 675 828 eorum
695 757 786 828 solus
805 772 838 826 et
858 749 1025 828 brachia²³
1041 761 1161 844 habet,
1190 782 1225 835 et

153 867 189 935 in
206 866 312 936 cauda
336 863 499 958 spiculum
510 855 545 932 ²⁴.
565 863 783 959 Reliquorum
812 865 1009 957 quibusdam
1034 867 1167 940 eculeus
1189 873 1223 941 in

151 997 232 1056 ore,
248 985 287 1040 ut
302 970 383 1040 asilo
391 961 427 1057 ²⁵,
443 972 512 1039 sive
535 971 693 1040 tabanum
701 959 727 998 ²⁶
740 969 806 1039 dici
820 969 930 1064 placet
946 995 953 1038 :
968 972 1046 1041 item
1056 975 1079 1013 ²⁷
1102 975 1223 1064 culici',

151 1093 188 1146 et
202 1077 400 1172 quibusdam
423 1077 544 1146 muscis
554 1067 589 1146 ¹⁸.
608 1076 775 1147 Omnibus
792 1091 904 1144 autem
924 1076 976 1146 his
990 1079 1024 1146 in
1039 1103 1097 1148 ore
1112 1097 1145 1150 et
1160 1109 1223 1178 pro

153 1182 268 1278 lingue
295 1197 373 1252 sunt
400 1183 436 1252 hi
461 1181 607 1252 aculei¹⁹.
632 1182 841 1272 Quibusdam
867 1182 1020 1270 hebetes,
1041 1211 1149 1280 neque
1179 1191 1223 1258 sd

152 1304 331 1383 punctum,
353 1287 473 1358 sedati
495 1302 649 1373 suctum,
673 1304 711 1358 ut
732 1313 922 1358 muscarum
946 1292 1079 1384 generi,
1099 1295 1133 1362 in
1155 1321 1221 1388 quo

153 1380 297 1490 lingua³⁰
311 1393 446 1464 evidens
461 1393 570 1464 fistula
584 1409 644 1464 est.
655 1395 728 1465 Nec
744 1410 821 1465 sunt
836 1393 955 1465 talibus
965 1383 1122 1467 dentes³¹.
1140 1400 1222 1472 Aliis

151 1586 295 1656 κανθάροις,
324 1584 369 1637 hic
382 1585 457 1637 locus
472 1583 557 1637 silent.
573 1584 665 1637 Hsuu.
708 1585 812 1637 Tamen
826 1586 929 1651 piens,
943 1585 1079 1652 tabanum,
1093 1583 1220 1662 etsie-prs,

197 1683 242 1717 ss.
262 1665 381 1717 Penne...
400 1666 510 1715 scissum.
525 1663 588 1715 Nou
607 1681 666 1715 om·
708 1662 817 1728 nsilum,
838 1679 888 1732 pro
906 1667 1060 1736 synonymis
1079 1686 1218 1741 usurpasse

150 1745 218 1797 nino
232 1761 309 1796 verns
322 1743 432 1807 Noster,
451 1743 514 1796 licet
529 1755 665 1795 auctorem
708 1742 828 1795 multose
839 1743 990 1810 Veteribus,
1000 1747 1097 1818 probet
1106 1749 1221 1803 Bochsr·

151 1821 665 1894 prolerutAristotelesn.Articulstioni·
708 1833 765 1886 tus,
786 1821 821 1874 de
842 1823 958 1876 Animal.
973 1838 1046 1894 parte
1064 1827 1150 1890 s,lib.
1165 1831 1219 1894 IV,

151 1901 559 1972 businmulriscoleopterisalae
571 1900 664 1954 medin
707 1920 765 1972 cap.
791 1907 843 1966 14,
864 1920 923 1972 pag.
949 1903 1015 1967 ⁵46.
1032 1905 1067 1957 Et
1092 1905 1219 1975 quidem,

151 1981 260 2053 vigent,
271 2001 302 2034 sc
313 1994 423 2052 possunt
436 1981 465 2032 iu
473 2000 500 2034 sc
509 1980 624 2044 reflecti,
636 1993 664 2034 et
706 1979 788 2032 Plinii
796 1999 853 2032 sevo
870 1981 927 2034 ssili
939 2001 1036 2036 nomen
1051 1985 1218 2054 obsolevisse,

152 2061 221 2114 intra
236 2061 343 2131 reginas
358 2079 417 2113 suas
430 2059 521 2115 condi.
544 2061 661 2114 Curres.
708 2061 820 2131 ejusque
835 2059 893 2112 loco
904 2061 1107 2134 tsbsuiquoque
1117 2084 1217 2120 nomen

194 2159 239 2193 ss.
253 2141 353 2193 Nutu...
370 2143 498 2208 scorpioni.
523 2139 662 2193 Simillinm
705 2139 1084 2195 cumasilosiseoestroluisse
1096 2161 1217 2198 commu·

151 2217 235 2274 csuds
256 2231 389 2290 spectetur
409 2219 553 2290 Psnorps;
584 2217 661 2271 dissi·
703 2218 839 2281 niestum,
853 2217 928 2274 heud'
940 2221 1053 2274 obscure
1068 2224 1166 2277 Seneca
1183 2228 1217 2277 si-

151 2299 423 2369 miliephemersrum
434 2317 532 2369 genus,
553 2298 662 2351 ichneu-
703 2297 821 2368 gnificat,
835 2300 910 2368 epist.
925 2299 972 2363 58,
986 2319 1011 2371 p.
1029 2303 1081 2354 181
1097 2325 1128 2355 :·
1137 2305 1216 2360 Hunc

150 2397 228 2441 mon,
242 2392 292 2432 etc.
302 2379 455 2432 Aristoteles
462 2379 514 2431 loc.
523 2378 595 2431 citat.
609 2378 661 2430 hoc
703 2396 782 2448 quem
799 2377 904 2443 Greci,
922 2379 1009 2450 inquit
1017 2420 1025 2444 ,
1045 2393 1154 2436 esuum
1168 2403 1215 2437 so·

149 2458 311 2512 hebuitsstis
323 2457 426 2520 dicere,
439 2475 535 2530 nempe
548 2455 660 2512 cundum
702 2469 781 2520 cnut,
798 2475 893 2528 pecora
909 2471 1092 2529 peragentem,
1110 2474 1136 2515 et
1151 2465 1213 2518 totis

149 2538 271 2590 inutilem
287 2538 315 2590 iu
331 2535 577 2607 volstudirigeudo.
589 2537 657 2590 Cur.
702 2537 812 2589 saltibus
824 2533 1011 2607 dissipantem,
1025 2539 1120 2592 nsilum
1129 2545 1215 2596 nostri

193 2618 238 2670 23.
255 2619 292 2671 Et
307 2617 412 2669 draclss'a.
427 2617 514 2670 Graeci
524 2617 601 2685 χυλας
613 2634 659 2668 ro·
702 2618 832 2669 vombant
842 2617 1096 2688 :hocVirgiliolicet
1110 2620 1211 2686 credas,

148 2708 219 2750 cent.
238 2698 278 2749 De
293 2696 462 2766 scorpionum
478 2696 594 2748 brachiis
614 2715 658 2748 su·
702 2707 777 2748 etc.»
788 2697 880 2748 Hsnn.

149 2793 209 2849 prs,
222 2792 247 2830 c.
260 2775 303 2830 30.
317 2777 406 2828 Hsno.
415 2807 456 2818 —-
465 2773 568 2830 Solen...
578 2775 658 2828 dedet.
743 2793 789 2844 ²7·
807 2777 868 2827 Item
882 2776 961 2828 culici.
975 2764 1071 2844 ltpnis‘s
1080 2815 1089 2843 ,
1099 2778 1211 2836 Aristos.

149 2853 233 2920 Quod
246 2855 394 2927 scorpionis
406 2855 545 2908 lsrsclsium
559 2855 604 2908 hic
616 2853 659 2908 di·
700 2854 791 2907 Hsnn.

148 2935 234 3000 citur,
246 2935 410 2988 maxillarum
424 2935 518 3006 palpas
529 2948 575 2988 est.
591 2935 660 2986 Pisa·
741 2936 786 2987 28.
799 2935 837 2986 Et
843 2933 987 3005 quibusdum
994 2940 1088 2988 muscis.
1102 2937 1123 2989 F
1125 2951 1210 2993 ortes·

146 3015 257 3084 hagiam
269 3016 405 3068 cascmides
417 3015 496 3067 Linn.
507 3015 578 3085 vulg.
587 3017 659 3084 pisce
700 3012 735 3065 sis
748 3012 792 3066 hic
813 3014 937 3066 tabanum
951 3033 1046 3086 genere
1059 3036 1210 3073 muscarum

148 3095 193 3149 vel
205 3098 313 3165 scorpion
323 3095 364 3146 des
372 3095 450 3160 lium,
460 3094 558 3148 similes
563 3095 658 3166 pulpos
699 3093 897 3163 complectitur.
908 3092 998 3144 Hsnn.

147 3173 237 3229 habet.
253 3175 369 3228 Cursu.
741 3191 787 3243 ²9·
806 3174 887 3225 Asido.
899 3212 926 3226 ..
945 3175 1029 3227 aculei.
1044 3176 1169 3230 Plurimis
1182 3178 1210 3230 in

190 3259 236 3317 14.
249 3252 349 3307 Solus...
359 3253 483 3323 spiculum.
493 3255 573 3305 Vere.
586 3253 656 3306 Cur.
699 3263 867 3304 entomorum
887 3264 966 3323 gente
991 3254 1066 3307 binas
1091 3256 1144 3309 slss
1166 3257 1211 3310 hs·

191 3331 236 3386 2⁵.
252 3333 359 3386 Ucasilo.
367 3334 454 3386 Locus
461 3345 501 3386 est
508 3329 580 3403 npnd
591 3331 655 3385 Ari-
699 3330 950 3398 bentibus,sculeus
961 3334 1001 3385 ori
1015 3332 1146 3400 adheret3
1162 3335 1210 3391 sed

146 3413 269 3466 stotelem
285 3413 393 3474 similis,
414 3413 483 3464 Hist.
503 3411 591 3465 Anius.
606 3412 654 3466 lib.
698 3411 788 3463 nullus
810 3411 881 3464 illius
898 3430 960 3464 usus
978 3412 1029 3465 uisi
1045 3414 1072 3466 in
1090 3413 1209 3470 ludenda

145 3493 175 3556 l,
188 3509 246 3562 cap.
262 3495 290 3557 6,
299 3511 358 3564 psg.
373 3497 409 3561 49
427 3480 589 3563 :llprpoutss
605 3493 655 3560 ἔχει
698 3503 782 3554 cute,
808 3509 868 3544 mox
891 3491 1046 3561 sauguinem
1069 3508 1209 3549 exsucturs

145 3573 181 3626 τὰ
193 3575 290 3639 κέντρα,
298 3571 416 3642 μυῖα,καὶ
422 3572 504 3642 pind,
513 3572 555 3625 ssi
566 3565 655 3641 sis-pos,
696 3571 795 3640 lingue.
810 3572 929 3624 Cursus.

145 3649 189 3704 ssi
201 3652 284 3722 ipsis.
298 3654 339 3704 De
349 3651 414 3704 ssilo
425 3652 482 3705 eise
494 3663 574 3704 nstro
587 3649 655 3704 dixi·
741 3651 787 3702 3ο.
797 3651 829 3702 Is
845 3669 891 3721 quo
904 3651 996 3719 lingua.
1014 3651 1076 3705 Sive
1090 3671 1139 3723 pro
1160 3654 1211 3706 lin·

145 3747 223 3795 tous,
239 3750 297 3802 esp.
319 3729 465 3785 1681111).
700 3747 761 3800 gun.
778 3729 848 3782 Num
863 3741 892 3781 ut
906 3731 942 3784 nit
952 3729 1023 3784 idem
1035 3750 1094 3802 cap.
1113 3733 1149 3786 65
1160 3734 1211 3786 hu·

186 3813 232 3862 26.
241 3810 297 3864 Siue
306 3811 428 3864 tudanum.
438 3810 496 3864 Hoc
510 3823 564 3874 est,
575 3829 654 3881 quem
697 3813 742 3879 jus
753 3808 831 3861 libri:
852 3835 864 3856 ·
879 3809 985 3874 Quibus
1002 3811 1108 3864 eculeus
1121 3812 1149 3864 in
1163 3829 1210 3865 ore

144 3887 303 3960 quibusdum
325 3891 450 3944 tabanum
472 3889 525 3943 dici
550 3890 655 3960 placet,
699 3887 848 3953 fistulosus,
864 3888 895 3942 iis
910 3908 959 3942 nec
981 3890 1070 3962 lingue
1089 3908 1138 3943 nec
1149 3890 1212 3944 den·

145 3968 193 4022 etsi
206 3968 295 4022 minus
309 3983 430 4024 accurato
446 3987 570 4023 sermone
589 3988 597 4023 ς
611 3989 657 4023 ne·
700 3979 747 4020 tes.
762 3994 773 4015 ι
789 3969 884 4021 Hsnn.

145 4066 198 4117 que
217 4048 290 4101 enim
311 4047 383 4103 idem
401 4049 513 4102 ubsnus
533 4060 585 4113 est,
607 4049 656 4120 qui
743 4046 790 4100 31.
801 4049 919 4101 Nessum
932 4047 1021 4100 tals'bus
1036 4047 1125 4102 dentes.
1138 4047 1213 4102 Nulli

146 4127 234 4181 ssilus.
242 4127 313 4182 Vide
328 4147 388 4198 quse
404 4127 524 4181 diximus
536 4147 594 4199 cop.
613 4135 655 4182 16.
701 4125 808 4197 diptero
819 4145 857 4180 eae
876 4127 988 4180 mosillae
1000 4145 1059 4196 quse
1073 4126 1214 4182 mordeant

218 4233 284 4298 IV.
1023 4257 1068 4325 ²⁸.)
