3200 5159
546 502 709 571 LIBER
733 506 804 573 lx·
1138 536 1212 611 ¹²9
1239 600 1243 609 Ι

136 661 266 735 pressas
279 641 302 721 ,‘
330 660 405 732 quae
444 648 568 705 vocant
602 635 798 729 physemata
808 622 833 661 ¹⁶
873 636 1034 728 efficere,
1067 648 1224 739 speciem*

136 742 267 816 m0do¹⁷
286 744 377 813 inani
396 742 544 811 inflatam
562 742 785 838 sinecorpore
810 770 818 813 ι
835 744 898 815 hos
916 770 987 817 esse
1004 751 1210 825 concharum

136 853 285 921 abortus.
301 849 381 919 Sani
395 848 528 943 quidem
542 862 657 943 partus
674 848 848 946 multiplici
861 869 1016 924 constant
1029 872 1122 943 cute,
1141 886 1210 931 non

135 957 318 1054 improprie
332 953 453 1024 callum
469 968 508 1024 nt
521 956 701 1024 existimari
718 959 825 1052 possit
835 983 843 1025 :
853 959 965 1055 itaque
979 976 1013 1029 et
1023 981 1210 1095 purqantur

135 1063 306 1160 aperitis.
333 1064 442 1133 Miror
470 1063 544 1157 ipso
571 1074 703 1130 tantum
728 1087 785 1133 eas
812 1062 892 1134 eaelo
927 1067 1086 1162 gaudere¹
1109 1126 1119 1159 ,
1139 1073 1244 1145 solel

134 1171 312 1241 rubescere
330 1221 340 1258 ,
357 1168 604 1262 candoremque
625 1167 782 1262 perdere,
805 1184 844 1240 ut
864 1196 986 1269 eorpus
1013 1174 1210 1250 humanum.

134 1278 251 1367 Quare
271 1276 476 1372 praecipuum
485 1274 510 1313 ¹⁹
529 1273 723 1344 custodiunt
752 1275 916 1372 pelagiae,
934 1278 1044 1355 ¹altius
1076 1310 1209 1376 mersae,

134 1409 236 1479 qnam
254 1397 292 1453 ut
312 1395 489 1477 penetrent
509 1380 607 1450 rodii.
634 1377 865 1452 Flavescunt²⁰
885 1398 996 1455 tamen
1018 1403 1052 1457 et
1071 1389 1134 1461 illae
1153 1419 1208 1463 se-

133 1504 251 1578 necta,
277 1490 434 1583 rugisque
451 1483 695 1583 torpescunt²¹3
709 1513 772 1559 nec
791 1489 855 1562 nisi
873 1492 907 1559 in
923 1492 1061 1591 juventa
1079 1515 1209 1571 constat

133 1596 209 1684 ille,
229 1597 287 1693 qui
299 1596 479 1690 quaritur,
504 1595 609 1689 vigor.
633 1594 852 1666 Crassescunt
878 1600 978 1667 etiam
1000 1601 1035 1669 in
1055 1621 1208 1697 senecta,

133 1704 339 1797 conchisque
347 1701 597 1785 adhaerescunt3
608 1724 672 1769 nec
683 1701 736 1771 his
748 1700 846 1773 avelli
854 1720 997 1799 queunt,
1008 1709 1071 1778 nisi
1080 1707 1103 1734 ²²
1118 1709 1207 1783 lima.

133 1848 157 1901 ei
167 1847 239 1901 celse
249 1846 351 1901 micent
361 1844 465 1899 tonitru
474 1861 594 1898 convexa
605 1861 651 1895 co-
694 1844 782 1899 δια.
798 1845 884 1901 ιι33.
900 1878 941 1890 -
950 1850 1004 1902 Eos
1019 1852 1080 1903 caeto
1090 1856 1207 1921 pandere.

132 1946 231 1988 rusco,
252 1926 370 1981 conche
393 1923 542 1995 diffugiunt
561 1922 649 1976 cubita
693 1924 813 1991 Scilicet,
828 1928 991 1997 margaritae.
1006 1930 1049 1983 Sic
1058 1931 1136 1985 MSS.
1151 1955 1207 1991 om.

133 2005 280 2060 formidine
299 2005 394 2059 clausae
409 2022 417 2057 ε
438 2003 482 2057 Sic
497 2004 649 2074 intercepto
692 2022 740 2057 nee
750 2022 757 2057 :
767 2024 823 2058 non
832 2026 881 2071 eos,
891 2020 921 2059 ut
930 2006 1005 2063 editi.
1015 2010 1095 2064 Unde
1106 2025 1132 2066 et
1140 2034 1206 2071 mox

132 2089 277 2158 conceptio
287 2084 392 2155 deperit
400 2084 511 2148 haustm
521 2085 557 2138 Et
565 2084 597 2136 lit
607 2085 651 2136 ab·
689 2084 811 2155 pelagia,
822 2098 849 2138 et
857 2087 930 2139 altius
941 2094 1206 2162 mersoe,etfloveecemt

133 2167 265 2231 ortirum,
282 2164 357 2237 qnod
376 2164 565 2235 creperetiude
577 2182 653 2216 erec·
692 2163 852 2220 ille-Hinc.

131 2246 291 2301 ri.·Hun.
617 2250 620 2255 '
735 2245 1204 2318 19.Qoanprae0puum.candorem

179 2332 225 2379 16.
238 2326 393 2397 etym.
408 2323 511 2390 Fletus,
526 2321 651 2376 sirebul·
691 2323 870 2397 subintellige.
902 2328 987 2381 Solini
1017 2333 1201 2403 paraphrasis,

134 2405 188 2471 las,
205 2405 351 2476 φυσήματα.
365 2404 458 2457 Hnau.
690 2420 824 2473 capim,
834 2424 861 2476 p.
873 2406 908 2460 85
922 2426 929 2459 ε
943 2408 1080 2464 «conchis
1087 2412 1150 2483 ipsis
1161 2414 1203 2467 in.

177 2503 223 2556 17.
238 2485 345 2555 Speciem
352 2484 430 2537 modo.
440 2481 649 2537 Similitudinem
691 2494 731 2535 eet
747 2502 857 2537 mene:
880 2498 975 2556 partus
994 2508 1056 2543 euoe
1077 2494 1203 2548 maculari

133 2576 239 2618 tantum
257 2564 405 2631 margarite
429 2564 559 2635 aliquem,
589 2564 647 2616 eolo
691 2562 786 2616 timent
809 2583 969 2639 :quumque
986 2568 1203 2641 flagrantioribus

132 2662 195 2698 aere
209 2646 317 2717 plenem
327 2644 523 2698 ncbullantem.
533 2645 627 2698 llean.
688 2642 772 2697 radiis
783 2645 927 2700 excanduit
942 2645 1013 2714 dies,
1027 2668 1063 2703 ne
1078 2651 1203 2709 fucentur

176 2727 223 2780 18.
246 2724 328 2778 Miror
345 2728 397 2795 ipso
420 2736 514 2775 mamm
528 2744 570 2775 ear
587 2724 648 2777 eoelo
688 2722 791 2794 lapides
805 2726 870 2777 solis
885 2728 991 2795 colore,
1012 2730 1156 2786 subsidunt
1173 2734 1203 2788 in

130 2805 249 2874 gaudere,
257 2816 311 2858 etc.
322 2804 368 2858 Sic
376 2802 539 2875 legendum:
554 2803 647 2857 Mirum
688 2801 899 2873 profundumm
907 2825 936 2860 se
944 2808 1203 2879 gurgitibusabaestu

132 2889 187 2955 ipso
205 2896 297 2936 tantiam
313 2905 354 2937 ecs
375 2884 478 2936 cnrrdere
498 2884 576 2949 coelo,
596 2884 647 2937 sole
687 2881 851 2937 vindicent·
865 2886 910 2940 Sic
920 2884 1137 2951 Athenaeusdib.
1148 2894 1202 2952 111,

132 2965 263 3028 rubescere,
272 2964 546 3036 carrdorerequeperdere
556 2976 646 3016 uteor-
687 2981 749 3034 pag.
762 2969 800 3032 94
813 2982 819 3015 :
833 2954 856 3017 il
868 2966 913 3036 pir
925 2962 964 3019 οὗν
980 2966 1092 3037 Ιμὸὑθιος
1111 2973 1202 3039 πίννα,

128 3064 177 3115 pur
195 3046 331 3098 hommum.
355 3046 439 3116 Quare
455 3048 577 3115 precipue
593 3064 647 3098 eum
687 3054 739 3096 etc.
762 3069 774 3090 ι
787 3043 951 3110 Pinnarum,
970 3047 1071 3119 inquit,
1091 3070 1150 3123 quae
1172 3054 1201 3107 in

131 3125 374 3194 custodiunt‚pelogo
385 3124 459 3176 altine
466 3143 646 3196 mersoe,quam
686 3121 741 3176 alto
757 3121 872 3194 degunt,
892 3124 1031 3179 clarissimi
1046 3144 1108 3183 eunt
1121 3134 1202 3187 unio·

131 3217 161 3255 ne
169 3216 297 3275 penetrem
311 3204 384 3258 radii
407 3204 521 3270 Mirum,
543 3203 645 3276 inquit,
686 3220 747 3267 nee,
758 3202 892 3273 puriores,
902 3204 1056 3275 grandiores
1074 3201 1201 3277 (haesnnt

132 3304 217 3355 quum
226 3282 371 3339 candorem
384 3284 474 3338 acaelo
485 3295 591 3337 tantum
600 3284 647 3339 he·
687 3300 752 3353 ques
761 3282 865 3335 Plinius
877 3284 994 3355 pelagiae
1007 3287 1122 3353 vocatl:
1137 3311 1201 3347 con·

130 3364 228 3431 beant,
244 3384 260 3418 e
275 3384 337 3419 rore
355 3364 456 3417 scilicet
468 3365 515 3435 qui
532 3362 567 3416 de
579 3364 645 3417 crelo
687 3363 859 3424 truillnruru,
872 3382 932 3434 quta
941 3384 990 3436 per
999 3385 1102 3422 summa
1114 3390 1202 3443 aequo·

130 3443 257 3515 liquitur,
270 3464 332 3497 enm
353 3455 442 3498 tamen
459 3445 516 3498 cole
529 3442 644 3517 perdere
685 3462 716 3495 ra
725 3441 849 3509 fluitant,
867 3455 894 3495 et
911 3463 1017 3499 sumum
1033 3449 1201 3517 evehuntur,

130 3542 161 3577 ac
171 3525 313 3578 rufescere.
326 3523 406 3577 Plinii
423 3542 489 3595 ergo
505 3535 644 3589 mensem,
685 3522 817 3587 minores,
842 3522 993 3595 colorisque
1011 3528 1113 3594 nubili,
1137 3534 1200 3603 quia

130 3605 285 3677 margaritae
307 3606 335 3657 in
357 3604 466 3657 conchis
491 3623 506 3656 e
535 3604 646 3657 cetenis
685 3602 747 3655 solia
756 3600 838 3655 radiis
849 3604 1042 3674 percutiuntur.
1057 3632 1069 3655 ι
1082 3608 1172 3665 Hane.

130 3686 200 3737 roris
210 3684 345 3738 infusione
358 3684 465 3755 concipi
477 3702 509 3737 ne
525 3683 645 3748 formari,
728 3702 770 3735 eo.
791 3682 937 3735 Flooeseunt
949 3697 1028 3738 tamen
1041 3699 1067 3739 et
1078 3690 1136 3744 illae.
1154 3692 1201 3747 So·

131 3777 157 3820 et
167 3764 314 3819 candorem
323 3764 400 3817 illum
409 3763 558 3835 acquirere.
568 3764 644 3817 Post·
684 3760 770 3826 finus,
787 3762 839 3815 loc.
851 3761 896 3816 cit.
913 3764 1007 3819 Hann.

130 3863 211 3915 quem
221 3862 311 3898 rorem
319 3863 381 3897 enm
390 3843 528 3897 hauserint
535 3845 644 3897 conche
731 3860 776 3897 π.
799 3844 924 3915 fingisque
940 3855 1083 3916 torpescent.
1098 3851 1140 3902 An
1154 3870 1202 3923 po.

131 3938 211 3997 etque
230 3944 263 3977 ex
287 3942 320 3977 ec
339 3924 527 3996 conceperint,
547 3931 644 3995 gnam
686 3921 756 3987 tius,
769 3918 1026 3992 torpescanePHnan.

130 4019 328 4076 pannmsnum
337 4004 644 4069 aolemacnlnri,etcan·
729 4021 774 4054 aa.
791 4002 850 4055 Nur
870 4004 937 4056 lima
959 4004 1039 4076 Apud
1058 4007 1129 4061 Pers.
1147 4010 1201 4065 Sat.

131 4084 223 4139 dorem
233 4082 362 4156 perdere,
380 4084 474 4157 pelago
487 4084 566 4137 altine
576 4102 646 4137 mer·
688 4081 729 4147 11,
741 4100 780 4134 ve.
797 4085 852 4136 66:
869 4082 956 4138 «Haec
968 4085 1077 4139 baccam
1095 4091 1203 4145 couchae

130 4165 174 4235 gi,
198 4182 281 4236 qnam
302 4178 385 4218 uteo
410 4176 550 4236 penetrent
566 4161 644 4218 radii.
688 4161 788 4215 rasim.
803 4188 814 4209 ι
831 4163 934 4217 Danu.

210 4277 275 4343 IV·
1046 4298 1070 4367 u
