3200 5159
382 515 460 605 aua
643 518 682 585 c,
710 515 884 585 rnruu
912 517 1024 585 nar.
1052 518 1185 587 ursr.

382 649 491 721 medio
512 649 595 743 igni,
617 648 750 742 majoris
769 673 891 719 musca
911 648 1147 743 magnitudinis
1159 646 1251 717 volat
1267 664 1450 745 pennatum

382 755 596 850 quadrupes:
624 754 810 849 appellatur
837 754 983 849 pyralis,
1013 778 1033 822 a
1060 755 1256 849 quibusdam
1283 771 1449 850 pyrausta,

381 862 549 951 Quamdiu
568 846 633 930 est³
656 864 689 929 in
711 864 804 957 igne,
818 863 903 931 vivit
918 883 927 929 ε
945 885 1049 956 quum
1063 862 1168 930 evasit
1182 860 1332 957 longiore
1348 860 1450 957 paulo

381 968 509 1053 volatu,
528 969 697 1037 emoritur.

350 1100 361 1137 ι
436 1078 561 1143 XLlll.
583 1072 752 1169 Hypanis¹
774 1074 895 1143 fluvius
909 1076 944 1143 in
961 1076 1068 1143 Ponto
1088 1074 1176 1142 circa
1197 1072 1374 1143 solstitium
1391 1074 1450 1143 de·

382 1181 447 1251 lert
468 1182 658 1251 acinorum²
678 1178 788 1274 effigie
810 1195 926 1250 tenues
945 1179 1153 1249 membranas
1173 1205 1181 1249 ε
1203 1180 1322 1273 quibus
1338 1205 1451 1249 erum·

382 1272 431 1383 pit
453 1286 589 1356 volucre
606 1286 795 1381 quadrupes
815 1286 996 1381 supradicti
1017 1285 1136 1371 modo,
1155 1310 1218 1355 nec
1239 1285 1325 1355 ultra
1344 1311 1449 1355 unum

383 1394 469 1463 diem
490 1394 570 1463 vivit
589 1419 597 1460 ι
614 1392 702 1461 unde
723 1378 958 1462 hemerobion³
977 1406 1125 1479 vocatur.
1146 1389 1295 1485 Reliquis
1311 1378 1451 1461 talium⁴

382 1502 426 1570 ah
447 1501 540 1569 initio
558 1498 601 1567 ad
619 1498 719 1567 finem
737 1500 913 1593 septenarii
931 1511 1008 1569 sunt
1025 1498 1178 1566 numeri:
1210 1497 1307 1567 culici
1328 1513 1362 1567 et
1381 1522 1452 1566 ver·

382 1605 504 1677 miculo
529 1619 580 1674 ter
600 1606 754 1700 septeni:
783 1630 905 1700 corpus
926 1603 1149 1700 parientibus,
1171 1618 1289 1699 quater
1312 1605 1449 1700 septeni.

424 1805 449 1851 3.
475 1796 598 1867 Quamdiu
617 1808 661 1849 ese.
687 1794 783 1849 lisdem
809 1798 897 1850 verbis
943 1795 1076 1849 Omnibus
1101 1796 1226 1849 convenit
1255 1814 1353 1849 nomen
1377 1795 1450 1850 idem

382 1878 576 1948 Philosophus,
587 1876 646 1929 loco
661 1876 734 1929 citat.
746 1876 837 1941 Phile,
848 1877 895 1929 lib.
940 1874 1068 1946 ἡμερόίιος
1079 1876 1135 1929 sive
1148 1876 1319 1947 ephemerum
1332 1889 1358 1929 et
1371 1876 1452 1947 ephe·

382 1957 416 2011 de
428 1958 526 2027 Propr.
538 1956 649 2008 animat.
671 1972 730 2027 pag.
755 1958 802 2021 56;
817 1956 899 2008 AElia·
941 1956 1087 2021 uterinum,
1097 1954 1244 2009 notandum
1253 1968 1340 2008 tamen
1355 1955 1450 2009 sedulo

382 2058 449 2101 nus,
460 2037 529 2088 Hist.
541 2036 629 2088 Anim.
640 2035 687 2087 lib.
699 2037 736 2099 ll,
750 2056 775 2089 c.
792 2054 818 2087 a.
829 2037 864 2091 H.
941 2049 980 2088 cst
994 2035 1147 2087 brevissima
1161 2035 1211 2088 hac
1227 2036 1280 2087 vita
1294 2036 1396 2089 censeri
1411 2036 1450 2088 in·

422 2118 522 2169 XLIII.
534 2134 559 2168 1.
573 2116 694 2185 Hypanis.
706 2116 786 2169 Arist.
794 2135 821 2185 p.
832 2114 897 2181 ⁶05,
939 2115 1451 2181 sectumnumerisomnihasahsoluanm,

384 2210 410 2250 et
419 2196 523 2260 Cicero,
533 2194 612 2247 Tusc.
627 2194 726 2259 Quast.
739 2194 895 2267 lih.1‚pag.
938 2196 1045 2265 jamque
1069 2195 1142 2247 larva
1164 2206 1191 2247 et
1214 2192 1341 2265 necydala
1363 2208 1449 2248 exuta.

386 2278 464 2345 327:
485 2301 496 2322 ι
512 2272 593 2344 Apud
613 2272 749 2344 Hypanim
766 2270 896 2339 flurium,
939 2274 1027 2325 Immo
1038 2273 1205 2327 contendunt
1227 2273 1351 2327 nonnulli
1371 2274 1452 2327 trien·

384 2356 431 2427 qui
453 2354 487 2407 ab
502 2354 616 2424 Europae
638 2364 714 2423 parte
734 2354 761 2406 iu
778 2354 896 2407 Pontum
938 2352 985 2405 nio
1005 2364 1121 2424 perstare
1141 2352 1277 2426 necydalas
1291 2354 1404 2407 formam
1419 2372 1450 2406 ac

385 2431 897 2503 influit,Aristotelesaitbestiolasquas-
939 2444 1046 2486 atatam.
1064 2430 1113 2485 Ar.

385 2512 445 2567 darn
459 2512 709 2583 nasci,quraunum
718 2510 895 2567 diemvivant.
981 2531 1007 2565 a.
1033 2512 1173 2571 Auroram.
1204 2510 1347 2565 Folllculos
1371 2513 1448 2566 acino

385 2594 426 2645 Ex
434 2593 475 2646 his
485 2592 567 2663 igitur
575 2593 641 2649 hora
654 2603 745 2644 octava
754 2611 814 2663 qum
827 2610 898 2645 mor·
939 2592 1067 2663 majores,
1077 2592 1168 2663 inquit
1183 2592 1377 2664 Philosophus,
1396 2592 1449 2645 loc.

384 2685 429 2725 tus
445 2685 499 2735 est,
513 2684 637 2744 provecta
646 2682 721 2723 aetare
730 2684 835 2724 mortua
841 2684 894 2726 est:
939 2671 984 2724 eit.
1002 2661 1061 2724 Olas
1075 2674 1171 2725 θύλακοι
1186 2674 1280 2742 pallara
1292 2672 1382 2742 ῥαγὸν,
1394 2672 1430 2723 Η.

384 2770 514 2825 quaerero
522 2749 660 2804 occidente
669 2750 734 2813 sole,
745 2748 894 2821 decrepita:
980 2750 1008 2803 3.
1024 2751 1194 2804 Hemerabiaa.
1214 2742 1357 2821 llprpa'ssras.
1367 2752 1449 2804 Arist.

384 2850 416 2884 eo
432 2831 532 2902 magis,
549 2830 570 2883 si
583 2830 661 2883 etiam
674 2828 800 2882 solstitiali
813 2827 866 2882 die.
880 2855 892 2877 ι
940 2831 1065 2901 lpa'pspsu
1087 2832 1218 2893 AElianus,
1232 2830 1302 2883 llist.
1327 2829 1449 2884 Animal.

383 2910 569 2982 Daleoampius
590 2907 624 2961 ad
643 2909 765 2974 Ararim,
781 2908 897 2979 Scaliger
939 2909 987 2963 lih.
1000 2911 1037 2976 V,
1052 2929 1109 2982 cap.
1133 2916 1178 2973 43.
1200 2910 1354 2981 Μοντὶμιρον,
1374 2909 1451 2979 quasi

383 2990 418 3043 ad
436 2990 619 3053 Garumnam,
636 2988 821 3060 Tarnemque‚
843 2990 896 3041 ire·
939 2989 1109 3055 dr‘aleaaimal,
1120 3002 1151 3042 nt
1158 2989 1252 3043 Cicero
1261 2992 1366 3061 jocatus
1375 2989 1451 3055 olim,

383 3082 498 3141 quentes
513 3068 548 3122 ait
560 3070 606 3120 has
625 3066 748 3120 bestiolas
764 3068 896 3138 conspici,
939 3068 985 3139 qui
1001 3069 1119 3120 romuleas
1128 3069 1215 3121 hiem
1225 3069 1301 3122 dixit.
1317 3068 1410 3123 Hno.

383 3149 518 3220 ubivulgo
524 3168 610 3201 manaa
617 3160 758 3199 vocantur:
769 3148 895 3218 quoniam
981 3155 1007 3212 4,
1017 3148 1341 3220 Reliquistalium.1nsecta‚
1353 3148 1451 3221 inquit,

383 3231 458 3281 aiunt
481 3247 524 3281 eas
539 3228 677 3300 copiosum
699 3226 811 3298 piscium
832 3246 896 3298 pro·
939 3228 1058 3299 reliqua,
1073 3241 1169 3299 preter
1189 3229 1360 3287 hemerohia‚
1381 3227 1451 3281 dmi·

383 3321 491 3361 ventum
509 3304 686 3380 portendere:
713 3304 829 3376 piscibus
853 3325 896 3360 eas
939 3307 1202 3379 linque,septenario
1218 3326 1331 3361 numero
1345 3305 1451 3360 dierum

382 3387 532 3441 aridissime
559 3385 779 3440 consectantibus.
806 3385 894 3439 Haan.
939 3387 1124 3456 perficiuntur,
1138 3388 1399 3441 abinitioauiortus
1414 3384 1449 3439 ad

382 3498 423 3508 -
442 3468 582 3539 Hypanis...
613 3465 759 3517 demembrare
784 3457 895 3519 amaran
939 3467 1193 3520 consummationem
1208 3486 1292 3538 usque
1305 3467 1450 3519 :nimirum

381 3546 580 3618 Elegantissime
590 3546 654 3599 hinc
664 3543 794 3615 ἡμεροίὶου
803 3546 896 3616 jamin
940 3546 1055 3612 culices,
1071 3547 1282 3617 vermiculique,
1301 3544 1396 3598 diebus
1410 3558 1451 3598 ter

380 3628 486 3679 senium
501 3626 632 3697 vergentis
641 3622 675 3677 ad
690 3643 785 3695 pueros
799 3625 897 3679 allocu·
940 3627 1073 3697 septenis:
1087 3626 1136 3697 qui
1151 3645 1255 3698 corpus,
1269 3626 1322 3678 hoc
1333 3639 1389 3691 est,
1401 3644 1452 3678 ova

380 3706 417 3759 tio
438 3705 536 3776 scripta
557 3718 595 3757 est
618 3723 752 3776 anonymo
779 3704 894 3758 cuidam.
939 3705 1064 3776 pariunt,
1090 3717 1182 3777 quater
1204 3704 1339 3776 septenis:
1367 3723 1452 3757 ovum

380 3784 457 3851 (vid.
476 3786 572 3847 Nona,
590 3786 682 3855 Lepaas
704 3782 734 3835 ds
750 3784 897 3837 Lirre'rature
940 3785 1011 3839 enim
1024 3782 1099 3838 addit
1109 3782 1383 3855 hebdomadam,qua
1391 3796 1453 3856 post

372 3860 458 3937 sraaf.
482 3878 548 3917 tom.
566 3865 596 3930 I,
617 3882 678 3935 pag.
707 3858 787 3933 372.)
814 3858 897 3918 Crete-
940 3865 1039 3917 coitum
1052 3863 1197 3917 concrescit
1211 3883 1218 3916 ε
1233 3864 1342 3937 reliquis
1355 3876 1396 3916 ter
1411 3882 1453 3916 se·

380 3962 440 3996 rum
459 3944 521 3997 vitae
543 3943 676 3996 brevioris
700 3953 806 3995 entoma
822 3963 895 3997 nune
938 3944 1025 4015 ptenis
1042 3942 1136 3997 diebus
1149 3944 1302 4009 incubator,
1319 3956 1347 3996 et
1362 3944 1452 3996 exclu-

380 4042 435 4074 esse
460 4025 570 4087 scimus;
592 4022 695 4095 quippe
723 4040 782 4093 quas
810 4022 894 4093 ipsius
939 4022 1097 4077 dirusflsc
1113 4013 1283 4079 Aristotloc.
1302 4024 1374 4079 citat·
1392 4042 1451 4093 pag.

378 4104 467 4155 nortis
490 4103 567 4156 initio
594 4114 652 4155 orta
678 4113 758 4155 nocte
783 4102 893 4155 obeunt.
940 4104 1111 4157 606.Haan.
