3200 5159
376 444 427 535 dd
634 445 675 516 C.
705 446 877 517 PL11t11
904 448 1014 518 NAT.
1044 449 1175 517 HIST.

375 577 602 675 magnitudine
615 592 725 647 autem
742 602 791 647 xv
804 578 1002 652 cubitorum.
1027 584 1069 649 ln
1086 580 1204 649 eodem
1228 604 1301 651 esse
1317 582 1445 653 Statius

375 754 585 797 enumerantur:
603 759 653 795 nos
671 746 781 796 coriaria
794 744 885 815 appel·
927 744 1059 815 pellatios
1071 745 1151 797 veteri
1158 744 1313 816 oxyrincho
1320 743 1441 799 deducta

375 824 476 885 lamus,
490 840 548 893 qum
558 841 593 875 ex
602 823 726 875 sturionis
735 823 819 877 salitis
828 824 885 877 ovis
928 825 978 889 sit,
989 843 1049 895 quse
1067 823 1197 879 dictiones
1209 835 1265 876 toto
1280 823 1344 877 celo
1360 843 1377 877 a
1389 837 1443 877 stu·

376 901 560 957 coniiciuntur.
575 899 608 953 ln
622 901 708 954 Tanai
722 921 800 955 smne
814 900 886 973 apud
927 903 1003 956 rione
1022 902 1130 958 distant.
1152 903 1209 956 lloc
1232 917 1303 955 certe
1329 903 1441 956 minime

374 982 476 1037 Taoam
484 980 641 1053 Emporium
652 992 751 1034 tentam
762 1000 818 1035 esse
829 993 885 1034 stu·
927 980 1140 1054 pretereundum
1149 1019 1158 1044 ,
1167 981 1240 1053 qood
1253 981 1377 1054 Hispanis
1390 993 1444 1035 stu·

375 1060 482 1113 rionum
499 1059 606 1130 copiam
626 1057 761 1114 adnotavit
779 1059 886 1123 Jovius,
928 1062 984 1126 rio,
996 1080 1050 1115 non
1061 1060 1139 1113 unice
1156 1064 1278 1127 essuries,
1296 1060 1343 1115 sed
1362 1066 1442 1115 ettam

376 1152 407 1192 ut
419 1152 513 1211 praeter
525 1140 648 1201 coriaria,
658 1139 735 1192 etiam
748 1142 826 1211 (qua
840 1158 886 1191 no·
928 1158 976 1211 per
991 1140 1173 1213 synonymiam
1200 1139 1297 1193 dicitur
1319 1145 1380 1192 sollo
1387 1177 1397 1203 ,
1416 1152 1444 1193 et

376 1218 442 1273 vitio
459 1217 591 1272 vocabulo
605 1215 739 1287 dicimus)
760 1220 885 1269 sclioaiia
928 1223 1007 1285 rullo,
1025 1237 1084 1291 quse
1103 1220 1233 1273 vocabula
1257 1219 1404 1275 certissime
1426 1238 1442 1273 a

376 1296 565 1351 conficiantur:
575 1316 604 1350 ex
614 1314 718 1349 summo
727 1308 886 1369 nempestu-
929 1298 1082 1351 Lstinorum
1099 1298 1176 1351 suillo
1195 1297 1324 1362 deducta,
1336 1298 1441 1360 Plinio,

376 1378 458 1431 rionis
474 1376 569 1451 spinuli
582 1376 678 1443 dorso,
692 1378 886 1449 sslelumoque
929 1388 1008 1449 atque
1032 1376 1136 1429 Isidoro
1165 1375 1341 1447 respondent,
1370 1375 1444 1429 unde

348 1495 352 1505 „
374 1457 527 1511 inveterata.
540 1456 784 1527 Fortasserequiret
794 1456 887 1519 lector,
929 1460 992 1508 rullo
1016 1455 1208 1528 Hispanorum,
1225 1461 1370 1525 porcelletta
1391 1474 1443 1508 no·

377 1536 449 1589 unde
472 1535 547 1587 siluri
571 1553 668 1587 nomeu
694 1534 721 1586 in
741 1534 886 1587 sturionem
928 1535 1059 1598 stratium,
1073 1535 1183 1605 porculo
1194 1536 1310 1598 marino,
1321 1536 1443 1607 itemque

376 1615 481 1669 abierit.
491 1615 513 1667 Δ
525 1613 657 1667 Michaele
665 1604 747 1668 s'ilvio
764 1613 887 1666 Lusitani
929 1613 1012 1668 siluro
1022 1615 1121 1685 optime
1130 1615 1280 1668 conveniat.
1291 1616 1444 1667 nasos.-

377 1695 447 1767 regis
470 1693 504 1747 sd
527 1693 692 1746 Clementem
714 1693 770 1745 vlt
802 1694 887 1766 legato
930 1692 1246 1764 IndigitstcerteNoster
1263 1692 1442 1746 hisidorum

377 1774 524 1837 felicissime
546 1771 686 1825 inventum
706 1770 889 1844 opinaturJo·
928 1775 1026 1840 glanim
1047 1773 1126 1825 Lino.
1143 1772 1216 1845 vulg.
1231 1777 1314 1833 wells,
1344 1772 1443 1844 quiin

377 1854 446 1919 viu,
454 1866 483 1905 ut
492 1850 720 1905 Asturionesdicti
731 1851 793 1915 sint,
801 1870 887 1922 quum
930 1851 1024 1904 Rheno
1037 1864 1063 1904 et
1077 1852 1165 1904 Moeno
1178 1851 1302 1904 amnibus
1315 1849 1400 1922 degit,
1414 1864 1443 1903 et

377 1933 455 2005 longe
474 1930 567 2005 optimi
588 1932 707 1985 omnium
721 1932 887 1984 consessione
931 1930 1080 1985 simillimus
1102 1943 1141 1984 est
1161 1932 1201 1984 illi
1217 1951 1297 2003 quem
1310 1948 1439 1985 vocamus

376 2012 406 2064 in
417 2012 521 2065 Asturia
533 2008 707 2063 inveniantur.
722 2010 824 2063 Verum
837 2009 889 2061 hu·
930 2013 1073 2074 mai-souin,
1096 2030 1178 2082 germ.
1199 2030 1266 2061 mser
1283 2013 1404 2075 selamin,
1422 2029 1439 2063 a

375 2089 493 2164 jusmodi
512 2091 592 2161 gratis
610 2102 782 2155 asseruntur,
803 2108 888 2160 quum
930 2090 1042 2142 vocibus
1058 2088 1210 2141 Teutonicis
1235 2109 1327 2160 inser,
1344 2106 1438 2154 mare,

377 2169 490 2223 Asturia
499 2168 639 2241 provincias
650 2186 747 2219 nomen
759 2166 888 2241 antiquis·
930 2172 1035 2221 sclwein
1044 2208 1053 2230 ,
1063 2188 1115 2222 sus.
1130 2171 1249 2223 Consu·
1262 2200 1298 2209 -
1313 2173 1443 2238 Proecspua

377 2247 472 2323 simum
482 2248 530 2314 sit,
540 2244 611 2299 unde
623 2246 697 2318 equis
704 2248 887 2299 Asturcooum
931 2254 1085 2319 magnitudo.
1094 2251 1221 2323 Suspicor
1232 2250 1282 2322 leg.
1290 2272 1329 2319 pr.
1343 2256 1445 2321 magra·

377 2326 520 2399 appellatio
540 2324 670 2390 deducta,
690 2324 805 2396 ideoque
824 2326 847 2377 sl
862 2334 888 2377 el
931 2334 1032 2383 tudine:
1052 2330 1238 2393 coddtamen,
1251 2342 1277 2383 et
1293 2329 1446 2400 bibliopolas

377 2403 694 2479 piscibus,hielsturiones
701 2404 796 2476 potius,
806 2422 887 2475 quam
931 2430 1023 2465 omna
1033 2412 1132 2464 habent
1140 2431 1185 2479 pr.
1195 2413 1349 2479 magniosdo.
1363 2412 1444 2463 llaza.

377 2488 493 2537 scariones
505 2483 615 2537 luissent
628 2483 744 2535 vocitati.
760 2482 888 2536 Italicum
931 2521 966 2531 -
985 2491 1065 2543 Nullis
1086 2492 1184 2543 ossibus.
1209 2488 1264 2542 Sed
1290 2487 1447 2559 cartilagine

377 2560 889 2621 verosturionisnomeolerreissaculis
933 2580 1042 2623 tansum,
1059 2569 1158 2621 Dum,
1179 2567 1315 2621 -solini
1335 2567 1445 2639 quidem

378 2663 427 2716 per
439 2642 612 2695 harbarorum
635 2639 797 2695 incursiones
819 2640 891 2695 dels·'
932 2646 1116 2720 paraphrasis,
1135 2646 1220 2717 capite
1236 2666 1287 2712 xv,
1309 2664 1370 2717 psg.
1388 2645 1444 2699 33:

378 2734 435 2775 turn
448 2732 537 2793 aperte
558 2730 671 2783 constat,
687 2737 770 2791 quum
793 2719 890 2773 aGer-
933 2726 1030 2793 «Apud
1048 2724 1150 2779 Neurus
1169 2725 1287 2779 nascitur
1304 2724 1446 2797 Borysthe-

378 2800 462 2853 manls
480 2798 583 2854 diesim
603 2806 669 2861 mir,
690 2797 761 2850 unde
784 2810 889 2851 rectum
933 2822 980 2856 nes
996 2802 1110 2869 flumen,
1131 2803 1158 2855 in
1174 2819 1228 2873 quo
1242 2801 1325 2873 pisces
1345 2803 1446 2875 egregii

377 2880 517 2933 Etruscum
535 2877 660 2949 processit
673 2869 800 2942 morione,
824 2879 890 2931 Lan·
933 2882 1048 2953 saporis,
1065 2882 1199 2953 atquibus
1210 2901 1269 2935 osso
1283 2881 1354 2934 nulla
1368 2892 1444 2942 sunt,

377 2956 551 3032 gobardlcum
570 2959 685 3008 sturione.
709 2955 792 3009 Gallis
815 2969 887 3007 estut*
933 2981 982 3014 nec
1003 2960 1076 3013 aliud
1094 2980 1174 3032 quam
1186 2960 1347 3031 cartilagines
1359 2974 1447 3013 tener.

376 3059 455 3107 geon,
472 3036 596 3108 Hispanis
617 3039 730 3088 essuries.
749 3034 890 3088 Gothicam
933 3040 1017 3093 rimo.
1025 3066 1038 3085 ι
1051 3040 1078 3091 Is
1092 3051 1131 3093 est
1139 3039 1207 3092 huso
1218 3058 1298 3111 quem
1311 3038 1393 3092 modo
1409 3036 1446 3092 di·

378 3118 498 3190 prolecto
525 3114 652 3168 sturionis
681 3114 888 3185 appellationem
932 3121 1025 3171 ximus.
1042 3118 1124 3171 Piscis
1144 3137 1241 3171 nomen
1263 3138 1318 3171 non
1339 3117 1446 3173 addidit

376 3198 484 3269 agssovit
496 3194 583 3247 Julius
596 3192 684 3246 Caesar
700 3192 825 3265 Scaliger,
845 3194 889 3247 cui
933 3198 986 3251 hoc
1005 3198 1066 3251 loco
1083 3197 1197 3263 Plinius,
1211 3216 1264 3252 nec
1282 3199 1446 3269 Pomponius

378 3292 579 3329 asseusumcum
589 3269 890 3344 Aldrovando,aliisque
933 3276 1002 3329 Mela
1011 3313 1019 3338 ‚
1028 3276 1073 3329 lib.
1084 3276 1123 3341 11,
1132 3294 1191 3348 csp.
1203 3295 1226 3339 r,
1235 3295 1294 3348 pag.
1310 3281 1343 3329 26
1358 3294 1365 3329 :
1377 3278 1446 3329 adlit

378 3355 490 3427 praebeo.
505 3351 634 3405 convenit
647 3363 672 3402 et
686 3350 703 3403 J
705 3362 832 3403 onstonus
843 3352 889 3406 ubi
933 3355 1124 3429 Borysthenes,
1137 3356 1239 3429 inquit,
1252 3356 1385 3409 laetissima
1399 3376 1460 3429 pu-x

378 3434 497 3505 scripsit,
508 3430 551 3482 lib.
571 3430 612 3498 11,
628 3448 659 3501 7:
675 3457 687 3475 ‹-
698 3428 788 3491 Piscis,
808 3450 887 3502 quem
932 3436 994 3487 huls
1002 3473 1010 3497 ,
1023 3452 1183 3508 magnosque
1195 3434 1295 3508 pisces,
1308 3436 1405 3508 quibus
1419 3449 1446 3489 et

378 3534 426 3567 nos
443 3510 551 3584 gothico
575 3510 704 3564 vocabulo
725 3510 888 3576 sturionem,
931 3513 1046 3586 optimus
1060 3533 1148 3585 sapor,
1159 3527 1185 3567 et
1198 3514 1269 3566 nulla
1284 3534 1343 3567 ossa
1353 3529 1445 3568 sunt.-

378 3590 582 3666 quasimsspiose
592 3588 665 3661 quod
672 3608 757 3660 prora
767 3602 888 3643 rostratas
932 3592 1024 3659 Quare
1035 3612 1084 3645 uec
1097 3591 1166 3645 illud
1181 3592 1260 3645 Plinii
1271 3594 1447 3665 transcriptor

378 3673 493 3745 speciem
506 3681 592 3743 gerat,
603 3667 724 3721 dicimus.
733 3696 745 3714 n
762 3669 889 3726 Ultimum
932 3670 1038 3725 Solinus
1057 3671 1188 3741 expressit.
1202 3673 1327 3725 Tumens
1344 3673 1447 3743 glutino

378 3748 565 3824 etymologiam
596 3758 700 3799 tueatur
725 3747 888 3813 Jonstonus,
933 3751 1004 3822 quod
1018 3751 1125 3823 praebet,
1135 3751 1311 3823 ichthyocolla
1323 3756 1445 3804 nomina·

267 3851 272 3865 ¹
377 3828 551 3899 ostendatque
569 3826 710 3893 rationem,
728 3845 781 3899 qus
804 3827 887 3881 Gothi
931 3840 990 3894 tur,
1004 3830 1073 3883 libro
1085 3830 1206 3891 xxxtl,
1228 3849 1287 3902 cap.
1303 3831 1447 3894 sillano,

377 3906 600 3963 nomenaGrsecis
609 3906 767 3979 acceperint,
778 3907 887 3979 quando
930 3939 966 3950 -
984 3914 1016 3961 Et
1035 3910 1060 3959 iu
1075 3913 1225 3975 Borysthene
1235 3948 1295 3963 .....
1311 3912 1444 3977 praedulci.

377 3986 730 4059 tantaadestdiscrepantia,
749 3999 886 4053 utnosca·
930 3987 993 4040 Non
1012 3988 1067 4058 jam
1090 3985 1125 4041 de
1149 3988 1248 4053 siluro,
1265 3987 1311 4041 sed
1336 3988 1370 4041 de
1390 4007 1445 4043 una

377 4089 436 4123 mos
453 4068 476 4123 si
493 4068 656 4123 novitiorum
671 4068 827 4122 Graecorum
836 4085 884 4138 ap·
931 4085 946 4119 e
959 4067 1094 4137 speciebus
1105 4066 1206 4139 magnis
1218 4068 1378 4134 sturionum,
1385 4086 1445 4139 que
