3200 5159
373 458 438 531 152
642 458 680 526 C.
705 455 875 524 PLINII
898 454 1005 565 ΝᾼΤ.
1031 456 1158 525 HIST.

367 594 476 663 fluxos
491 588 616 659 hahent
633 612 758 658 succos.
773 588 838 657 Sed
850 586 884 656 id
896 588 1091 683 tingendum
1108 586 1250 657 officinae
1264 589 1433 682 ignorant,

368 723 472 794 quum
482 718 612 766 summo
620 710 770 764 vertatur
783 696 819 763 in
830 720 882 763 eo.
894 679 1079 763 Ειιίιιιὶῑιιι3
1087 708 1209 823 postea
1218 719 1318 780 vena,
1332 722 1431 789 quarn

368 789 532 875 diximus⁴
555 826 563 869 ε
586 802 639 871 cui
651 800 727 871 addi
739 800 840 871 salem
861 803 1080 870 necessarium
1110 786 1313 887 ‚sextarios⁶
1330 802 1433 871 ferme

369 912 405 979 in
432 908 534 979 libras
566 906 744 977 centenas⁷
767 933 775 975 ε
801 909 961 977 macerari
993 905 1102 975 triduo
1120 906 1246 1001 justum
1275 931 1283 974 ε
1311 909 1434 1003 quippe

337 1050 352 1084 ι
369 1030 464 1086 tanto
475 1014 582 1107 major
594 1013 785 1108 vis‚quant0
800 1015 973 1082 recentior.
985 1016 1126 1081 Fervere
1144 1014 1177 1081 in
1187 1000 1355 1107 plumbo',
1369 1016 1435 1083 sin·

370 1119 547 1217 guiasquci
561 1120 741 1214 amphoras
747 1116 772 1143 ¹⁰
786 1132 959 1205 centenas,
981 1117 1022 1186 ad
1036 1121 1276 1213 quingentenos¹
1291 1120 1433 1189 medica·

369 1229 467 1299 minis
479 1224 606 1295 libras¹¹
614 1226 753 1320 mquam,
762 1249 802 1294 ac
809 1225 940 1296 modico
953 1249 1077 1320 vapore
1087 1226 1222 1311 torreri,
1233 1240 1267 1294 ct
1279 1225 1352 1296 ideo
1363 1224 1433 1295 lon·

411 1464 439 1517 3.
460 1463 592 1528 Exoritur,
604 1473 656 1515 etc.
671 1462 735 1517 Hoc
747 1479 882 1535 purpura·
925 1473 1050 1515 centenas
1060 1474 1139 1533 atque
1148 1461 1352 1533 quingentenas,
1364 1474 1432 1517 etc.-

370 1544 473 1598 riorum
492 1542 558 1595 artis
578 1539 720 1615 descriptio
731 1560 786 1595 non
806 1541 883 1595 iaciie
926 1543 1000 1612 cujus
1013 1560 1028 1594 e
1041 1541 1160 1596 lectionis
1171 1542 1287 1614 antiquas
1303 1540 1435 1613 vestigiis,

371 1622 638 1694 expiiosmr‚amissa
647 1633 711 1675 arte.
725 1620 883 1675 Tentamina
927 1620 1056 1674 sinceram
1082 1621 1265 1692 expressimus.
1296 1622 1332 1674 Et
1365 1634 1436 1674 certe

372 1700 497 1773 quasdam
510 1702 654 1754 Rasum
676 1711 755 1771 rapto
776 1700 883 1753 huccini
927 1698 1104 1772 amethystino
1121 1701 1204 1753 colori
1224 1698 1369 1771 tingendo,
1382 1720 1436 1753 non

371 1781 602 1852 psmloenostro
609 1781 676 1833 mari
686 1775 884 1851 (buccinoiapillo
927 1778 1019 1832 itidem
1032 1791 1062 1832 ut
1073 1778 1257 1851 conchyliato,
1266 1798 1334 1851 aqua
1344 1780 1437 1833 misce-

373 1856 465 1925 Linn.)
478 1878 558 1913 ausus
570 1871 623 1925 αις
636 1859 682 1913 sed
702 1878 717 1913 e
734 1859 832 1932 quihus
844 1858 885 1912 nil
928 1868 983 1911 tuh.
993 1858 1249 1930 E-Smgulasque.
1259 1858 1387 1930 Singula,
1396 1860 1438 1911 ina

374 1952 495 1995 nautam
509 1951 558 1992 sat.
572 1940 691 1993 Cuma.
928 1938 1003 2009 quit,
1017 1951 1134 1991 centenae
1143 1939 1291 2009 amphorae,
1302 1941 1358 2010 ejus
1367 1940 1438 1993 succi

416 2026 444 2084 4.
460 2018 659 2090 (ὶιιωιιᾰιζτὲωω.
670 2018 737 2090 Cep.
749 2021 794 2072 60.
808 2019 844 2071 Η.
929 2019 982 2071 saie
993 2016 1107 2084 conditi,
1117 2017 1153 2072 ita
1164 2018 1277 2089 decoqui
1285 2018 1384 2072 dehent
1392 2058 1399 2085 ,
1408 2031 1440 2071 ut

421 2098 447 2151 5.
473 2097 522 2151 Cui
543 2098 602 2150 eddi
626 2099 698 2150 salem
721 2099 883 2150 remuriam.
930 2096 963 2174 ad
973 2096 1165 2168 quingentenas
1173 2096 1440 2151 medicaminislibras

276 2236 284 2245 ‚
378 2177 513 2244 Quoniam
522 2176 615 2248 liquor
622 2178 714 2243 salsus,
721 2177 885 2241 incisavena,
929 2174 1099 2249 redigantur:
1111 2176 1165 2229 sive
1178 2174 1211 2229 ad
1226 2178 1365 2247 amphoras
1377 2197 1440 2244 aex,

376 2255 492 2321 saniem,
502 2275 561 2328 quae
568 2256 640 2311 velut
650 2275 776 2329 purpura
783 2256 888 2328 sanguis
933 2268 961 2309 et
970 2256 1105 2327 amphorae
1114 2254 1298 2327 quadrantem.
1309 2257 1344 2310 Η.
1355 2288 1396 2299 -·-
1405 2257 1439 2309 A·

379 2349 427 2403 est,
438 2334 615 2406 copiosiorem
630 2336 710 2390 elicit.
724 2335 768 2389 Sic
780 2334 888 2402 medici,
932 2354 985 2407 quse
1003 2336 1131 2406 amphoris.
1151 2335 1221 2389 Male
1238 2334 1283 2387 hic
1299 2336 1389 2390 Dalec.
1404 2335 1439 2390 de

378 2414 525 2469 cacurbitis
541 2413 653 2468 admotis
674 2426 701 2469 et
715 2430 775 2469 aute
788 2414 888 2469 scarifi-
932 2430 1005 2486 aque
1018 2414 1094 2467 libris
1102 2412 1268 2486 accipit.Sed
1275 2414 1302 2466 in
1315 2433 1392 2468 causa
1401 2428 1440 2469 est

379 2506 452 2560 cata,
466 2505 499 2546 ut
512 2495 616 2565 sanguis
631 2493 696 2548 fluat
708 2494 822 2567 largius,
838 2512 889 2548 nec
930 2512 1012 2566 prava
1022 2494 1113 2559 lectio;
1124 2492 1220 2566 deque
1230 2491 1284 2545 rid.
1296 2494 1418 2563 n.9.As.

380 2585 472 2639 coeat,
487 2574 597 2627 vulnera
613 2590 681 2645 aqua
694 2574 760 2629 salsa
772 2572 889 2629 madeia·
976 2593 1019 2628 ιο.
1033 2574 1180 2644 Ampiom.
1196 2572 1324 2626 Volusius
1338 2574 1442 2626 Marcis·

380 2652 464 2707 ciunt.
477 2654 579 2728 Denso.
932 2670 997 2707 nus:
1010 2651 1441 2724 ·Quadrana1,qu0dnuncpteri-

426 2735 453 2786 6.
464 2732 589 2785 Satan'os
598 2733 677 2799 ferme
688 2734 714 2783 in
728 2732 802 2785 libras
813 2744 890 2785 emisa
933 2751 985 2804 que
995 2732 1151 2804 amphoram
1160 2732 1353 2796 vocant,hahet
1363 2750 1443 2785 urnas

381 2830 434 2864 aas.
455 2811 554 2865 Uncias
572 2811 668 2883 viginti
685 2810 745 2865 salis
764 2812 792 2866 in
810 2812 891 2865 libras
933 2810 1012 2874 durs,
1027 2810 1132 2865 modios
1151 2824 1216 2876 tres,
1235 2811 1345 2882 congios
1364 2826 1445 2877 octo,

382 2890 510 2962 purpurei
521 2891 591 2945 succi
604 2902 736 2945 centenas.
750 2892 841 2946 Haan.
933 2890 1057 2945 sextarios
1072 2890 1246 2963 quadraginta
1260 2904 1329 2943 octo.
1345 2914 1356 2937 .
1378 2890 1443 2944 Am·

424 2970 892 3039 7‚Femeialibmesuterar.hibram
934 2970 1022 3041 phora
1044 2970 1126 3043 igitur
1146 2970 1228 3024 libras
1246 2969 1350 3025 obtinet
1368 2984 1442 3024 octo·

383 3068 464 3102 onam
487 3061 513 3101 et
533 3050 656 3116 hessam,
676 3049 732 3105 sire
747 3050 838 3105 uncias
852 3049 892 3103 ri·
934 3048 1017 3123 ginta.
1033 3050 1124 3103 Hsan.

384 3129 459 3201 ginti.
473 3130 575 3183 Dauo.
979 3148 1021 3183 ιι.
1041 3130 1207 3183 Medicsmim's
1222 3128 1304 3182 libras.
1325 3129 1440 3183 concha

425 3208 451 3261 8.
465 3208 612 3279 deplanabo.
628 3209 739 3264 Cortina
750 3209 891 3281 plumbea:
935 3222 1013 3275 tusae,
1028 3221 1076 3263 aut
1091 3210 1176 3263 carnis
1193 3220 1327 3282 exemptae.
1342 3210 1442 3261 Danao.

315 3290 320 3301 ’
385 3305 446 3341 narn
457 3287 544 3341 ferrea
552 3302 578 3343 et
586 3308 657 3343 enea
663 3307 723 3342 suos
734 3288 835 3341 colores
844 3288 895 3341 iili·
936 3290 1103 3361 -AEqaari.
1119 3288 1288 3360 figendum,
1304 3292 1404 3360 aquari,
1415 3287 1444 3341 id

387 3368 577 3421 aureonno.
937 3380 992 3433 cst,
1012 3368 1089 3422 dilui.
1110 3370 1208 3423 Seneca
1228 3369 1322 3421 Natur.
1347 3370 1444 3433 Quaest.

426 3445 757 3520 9.Singulasqusaerphoras
768 3458 895 3512 oenteuas,
936 3448 983 3501 lih⁴
998 3448 1028 3513 1,
1044 3468 1102 3520 cap.
1119 3449 1135 3502 3
1153 3447 1240 3501 usic
1254 3448 1365 3501 enimet
1379 3466 1445 3521 por·
1505 3455 1508 3461 '

387 3525 422 3577 ad
441 3529 613 3599 quingentenas
639 3527 798 3579 marono
820 3528 895 3579 libras
939 3526 1103 3599 purueodem
1112 3528 1252 3599 conchylio
1260 3546 1316 3581 non
1327 3529 1445 3581 inunum

386 3608 487 3677 aquari.
508 3606 624 3659 Omnino
642 3619 736 3659 contra
758 3607 895 3678 scriptoris
939 3606 1048 3661 modum
1059 3606 1119 3661 exit„
1132 3608 1383 3678 Intereatqnantum
1393 3624 1447 3659 ma·

322 3702 326 3711 ·
387 3686 897 3756 mentemlocnshicinterpoiatusestin
941 3700 1026 3740 cerata
1039 3686 1207 3739 sit:craasius
1217 3686 1448 3750 medicamentum,

386 3763 462 3817 lihris
469 3765 617 3834 impressis:
630 3765 815 3836 «singulisque
825 3782 900 3836 aquae
943 3786 976 3819 an
988 3766 1109 3837 aquatius
1120 3766 1246 3819 traxerit:
1257 3766 1352 3838 saepins
1361 3784 1445 3818 mersa

388 3843 525 3913 amphoris
539 3855 661 3897 centenas
677 3856 755 3914 atque
768 3844 900 3916 qninqua-
942 3846 989 3909 ait,
1002 3858 1169 3910 meneceth,
1185 3864 1220 3899 an
1233 3845 1417 3898 achaeldama.
1431 3868 1443 3891 ι

387 3939 466 3992 genas
478 3920 660 3977 medicaminis
670 3923 749 3977 lihras
764 3924 891 3992 aquari..
942 3925 1043 3977 Dauo.
1061 3956 1101 3967 --
1124 3926 1165 3977 Ita
1185 3924 1328 3996 dupraemr's
1349 3922 1448 3977 subinde

387 3999 463 4054 MSS.
480 4020 585 4067 omnes,
597 4003 661 4074 Reg.
682 4020 707 4068 1,
719 4023 734 4056 s
746 4041 755 4069 ‚
766 4003 846 4057 coth.
864 4023 894 4071 r,
937 4002 1122 4069 mannasse.
1137 4002 1209 4057 Vide
1225 4004 1338 4058 Stenas.
1357 4016 1444 4067 notas,

390 4096 420 4143 a,
438 4080 517 4133 Paris.
539 4106 551 4128 ι
570 4082 741 4153 singulasque
758 4083 895 4155 amphoris
938 4100 997 4153 pag.
1012 4080 1076 4147 345.
