3200 5159
552 458 718 537 'mann
744 468 811 537 1x.
1166 476 1213 561 [μ

115 660 120 673 ,
148 591 263 682 tens¹⁰‚
273 617 388 663 morsu
401 596 580 667 exanimat.
592 596 716 668 Silurus
724 598 1138 698 grassatur¹¹,ubicumque
1150 620 1218 693 est,

147 724 246 769 omne
268 700 392 769 animal
417 717 595 797 appetens,
610 728 713 799 equos
733 720 883 776 natantes
906 733 994 803 saepe
1012 710 1216 805 demergens.

147 807 317 901 Praecipue
328 805 352 831 ¹²
374 810 410 876 in
429 810 545 879 Moeno
569 812 757 883 Germanic
779 837 878 883 amne
894 814 1030 908 protelis
1050 817 1171 902 bonon
1184 833 1220 888 et

146 990 212 1043 lino.
227 988 315 1061 Hujus
329 989 417 1045 ultimi
434 992 573 1065 epistolam
588 993 615 1047 in
626 1011 665 1047 ar·
709 994 813 1066 egregie
824 994 901 1049 innui
917 996 1018 1067 clupea
1032 997 1139 1069 gulam,
1152 990 1218 1052 duan

148 1081 221 1122 unm
240 1070 383 1123 collectam
404 1072 485 1142 paulo
502 1072 570 1125 inlra
590 1072 663 1125 exhi·
709 1074 775 1147 attili
794 1075 883 1128 lauces
900 1073 1016 1138 invadit,
1031 1091 1218 1149 contracupe·

148 1147 282 1201 bebimus.
299 1151 381 1203 llazz.
406 1181 441 1191 —
460 1153 576 1203 Minimas
590 1154 664 1221 piscis
708 1151 799 1207 dinem
810 1153 935 1207 omnibus
946 1152 1151 1217 desideriis,nec
1159 1156 1218 1209 uni·

150 1231 288 1295 sppellotas
308 1233 404 1298 clupea.
430 1229 482 1283 Hic
506 1245 663 1298 petmmyzon
709 1248 740 1285 ce
753 1231 787 1284 ad
799 1232 1072 1305 cibosspectantibus,
1081 1235 1218 1288 inservire.

153 1308 664 1381 imarlsialisl..rulg.lampn'llun,pitci·
709 1310 855 1364 limma.

152 1385 229 1438 culus
246 1386 367 1440 minutus
389 1388 473 1439 verrin
488 1388 598 1449 similis,
618 1388 664 1460 qui
748 1408 788 1443 11.
806 1393 898 1441 Silurus
912 1406 1057 1459 graium,
1076 1391 1219 1460 suumque

152 1477 312 1519 ceterorum
334 1465 468 1519 branchiis
489 1464 603 1521 adhaeret
620 1486 663 1521 en·
709 1480 818 1534 arr,etc.
835 1470 913 1541 Lege,
926 1472 1018 1523 Siluras
1030 1487 1159 1539 grassatur
1166 1474 1218 1523 nbi·

151 1549 274 1617 cogitque
294 1547 461 1619 sangninem.
480 1546 554 1599 Idem
567 1566 666 1601 nomen
710 1566 815 1615 ruraque
834 1563 884 1609 ast,
901 1568 972 1599 omne
984 1552 1081 1601 animal
1087 1565 1216 1619 appetens,

151 1636 245 1677 nostru
267 1630 341 1676 aton
358 1628 470 1693 (clupeae
483 1630 561 1678 stom
577 1628 620 1695 L.)
639 1638 666 1681 et
710 1646 785 1693 equor
803 1629 945 1679 &natam
954 1631 1112 1696 demergens,
1128 1631 1218 1695 praeci·

144 1701 226 1769 feriare
237 1704 359 1775 (atficta
372 1706 483 1777 Lacep.)
492 1704 585 1758 datum
595 1705 665 1759 infra
705 1708 791 1773 pasin
799 1710 882 1756 Moeno
896 1710 1035 1757 Gemoniis
1044 1727 1126 1758 amne.
1138 1713 1219 1758 Prote·

151 1778 262 1833 ridebis.
276 1782 396 1835 Curru.
710 1787 740 1835 lis
753 1788 824 1835 buum
838 1788 863 1835 in
878 1788 993 1837 Danubio
1004 1788 1149 1845 extrahitur,
1156 1804 1217 1851 por-

188 1879 229 1913 ιο.
239 1862 361 1929 Cupidine
372 1879 497 1931 apperens.
511 1862 567 1917 Nos
576 1863 665 1917 scribi·
709 1867 764 1915 anto
781 1866 878 1915 marino
894 1866 1038 1917 srinillirnns.
1055 1864 1143 1918 Sana.
1157 1882 1218 1935 pag.

151 1958 210 1993 nans
242 1944 371 2009 capedine.
402 1941 551 1997 Genninarn
573 1963 664 1997 vocem
713 1941 780 2006 1314
796 1954 822 1995 et
838 1942 912 1995 1318.
932 1942 1039 1997 -Hoc
1056 1943 1117 1996 loco
1133 1942 1219 1995 norni-

152 2020 310 2091 exgeminis
330 2022 512 2077 Ambrosiauis
529 2022 665 2078 codicibus
709 2020 794 2073 nullm
817 2033 986 2075 recensentur
1009 2022 1096 2094 pisces
1118 2021 1219 2091 magni-

151 2098 214 2151 duua
234 2098 324 2151 Plinio
341 2100 515 2163 restituimus,
528 2120 602 2164 eam,
616 2118 665 2156 cen
710 2098 805 2153 tudine
814 2100 945 2172 insignes,
967 2119 1021 2153 nou
1040 2100 1136 2153 marini
1151 2117 1158 2152 :
1172 2100 1219 2155 scd

153 2178 336 2251 postliminio,
346 2178 374 2231 iu
387 2180 491 2233 Latium
502 2200 664 2235 revocamus.
708 2176 852 2232 fluviorum
859 2218 868 2245 ,
875 2179 929 2232 Nili
939 2220 948 2245 ‚
959 2178 1062 2245 libeni,
1072 2177 1153 2246 Padi,
1167 2182 1220 2233 Da-

153 2256 195 2309 Ex
214 2256 349 2311 Salmasio
371 2261 427 2331 jana
456 2259 608 2314 adnotatum
635 2262 663 2315 in
709 2258 804 2321 nubii,
826 2256 1015 2331 Borysthenis,
1037 2257 1145 2330 Gangis.
1166 2259 1220 2312 llo·

154 2334 274 2403 calepini
287 2334 493 2401 additamentis,
512 2338 586 2411 quud
599 2340 666 2393 anti·
709 2354 769 2389 rum
785 2336 873 2390 medio
884 2338 1005 2408 catalogo
1018 2355 1073 2389 non
1085 2337 1148 2389 satis
1160 2347 1220 2407 apte

153 2415 211 2485 quis
224 2414 412 2487 cuppedia,et
427 2417 549 2491 cuppedo
560 2438 610 2489 pro
621 2440 663 2471 cn·
709 2415 834 2469 inseritur
861 2418 980 2469 marinus
1005 2415 1116 2488 qnidam
1142 2415 1220 2487 piscis

150 2498 253 2563 piditas.
276 2494 342 2548 vid.
361 2494 519 2551 Ferentini
535 2516 601 2550 voce
618 2502 664 2551 Ou-
709 2494 899 2547 innominatus.
914 2494 1053 2566 Sequenda
1074 2494 1155 2564 igitur
1172 2512 1219 2545 an·

149 2580 235 2643 pediu.
258 2575 330 2628 llinc
349 2596 437 2645 sappes
447 2578 610 2645 fastidiosas,
623 2582 667 2646 qni
709 2573 843 2645 tiquorum
853 2572 976 2627 codicum
987 2574 1082 2639 lectio,
1097 2584 1126 2625 ut
1142 2586 1219 2644 post,

151 2659 289 2724 exquisitos
302 2670 398 2707 rnnuun
418 2660 483 2707 cibos
505 2659 607 2724 quierit,
620 2678 666 2709 nse
710 2655 834 2715 hiulcum,
844 2671 920 2705 novas
929 2653 1057 2707 orationis
1068 2652 1173 2705 initium
1182 2653 1221 2707 ia·

150 2754 303 2787 munem
319 2739 393 2787 tates
411 2740 498 2804 gulam
519 2735 617 2808 legitur
638 2736 665 2789 in
710 2732 818 2785 ciamus.
828 2738 862 2784 Er
878 2736 903 2783 in
917 2736 1031 2785 Danubio
1043 2736 1122 2784 mario
1133 2748 1220 2785 sana·

150 2815 238 2885 glossa
250 2814 363 2869 isidori.
383 2815 487 2870 Rectius
511 2836 583 2884 rupes
603 2832 665 2869 cum
710 2814 783 2873 bitur,
797 2816 899 2880 porculo
916 2816 1012 2865 marino
1030 2815 1172 2865 simillimus.
1194 2813 1220 2865 It

151 2892 260 2955 Plauto,
275 2894 352 2947 Trin.
369 2896 402 2959 1,
415 2897 460 2959 13,
472 2895 646 2967 appellabitur
656 2912 668 2947 :-
711 2889 930 2963 vulgoltalorurn
939 2892 1018 2945 etiam
1032 2910 1104 2945 nunc
1116 2891 1220 2945 semila·

150 2988 230 3045 atque
240 2974 303 3025 item
319 2978 422 3041 serpedo.
439 2974 519 3027 Plinii
539 2974 612 3029 locus
625 2993 666 3028 re-
711 2970 766 3023 tino
786 2970 894 3022 nomine
915 2976 986 3023 arom
1007 2970 1164 3043 appellatur,
1185 2970 1220 3022 ob

151 3052 258 3105 nisurus
271 3051 435 3107 dubietatem
448 3054 666 3122 proritantem,
710 3048 868 3103 salsamenta
881 3048 933 3102 illis
946 3061 1043 3114 notus,
1056 3060 1134 3121 gustu
1144 3067 1220 3121 aspe-

151 3132 227 3183 utin
247 3132 380 3185 Cicerone
400 3132 500 3203 pariter
523 3132 665 3205 legendum
708 3140 808 3200 ctuque
827 3128 964 3199 porcinam
982 3127 1085 3180 salitam
1098 3126 1221 3181 nonnihil

151 3209 420 3277 statuamus,Turcul.
429 3212 478 3278 IV,
490 3230 518 3265 11
531 3232 537 3263 :
550 3213 664 3278 aranda,
708 3206 867 3259 referentia:
882 3204 1021 3259 Germanis
1032 3210 1109 3257 Hosto
1123 3206 1219 3273 dictus,

151 3292 277 3342 aristo...
297 3292 457 3353 renitentia,
476 3296 576 3358 capedo.
592 3290 664 3344 Alias
708 3286 784 3356 quasi
795 3280 821 3345 ir
833 3284 899 3337 sicut
909 3283 1218 3357 Muioinisietiapidor·

151 3387 168 3420 a
181 3368 273 3421 multis
284 3368 475 3435 dubitabatur,
485 3382 574 3423 utrum
586 3385 663 3442 rupe
710 3364 820 3417 Gran.

153 3446 201 3511 do,
219 3466 254 3502 an
279 3446 393 3521 cupedia
417 3447 533 3521 optanda
553 3450 664 3504 veniret.
747 3462 787 3495 ra.
800 3446 923 3511 Proeripns
931 3446 957 3495 in
967 3449 1058 3497 Mans.
1070 3442 1149 3497 Plinii
1159 3454 1222 3496 tena-

152 3525 280 3599 Suspicor
288 3528 315 3579 iu
328 3546 406 3599 prosa
421 3529 541 3582 oratione
556 3526 664 3599 cupedi·
708 3541 773 3595 pore
782 3523 871 3576 nullus
887 3522 938 3576 suit
954 3522 983 3575 in
996 3522 1139 3577 Germania
1156 3523 1220 3575 Mon

151 3624 212 3659 nern
226 3607 353 3660 alatinis
366 3620 514 3679 receptam
529 3608 557 3659 in
571 3606 665 3659 carmi-
708 3621 758 3655 nus
770 3601 869 3657 fluvius
879 3622 886 3656 τ
896 3602 936 3657 sic
947 3605 1086 3675 posteritas
1098 3622 1159 3655 euna
1173 3620 1220 3656 ro·

151 3682 229 3737 nibus
244 3686 413 3757 metrigratia
426 3686 664 3758 geminasseetiarn
708 3682 881 3755 cavit‚qnem
904 3683 949 3736 tali
970 3684 1080 3742 nominc
1094 3681 1220 3737 seculum

149 3782 176 3829 p.
194 3763 263 3817 ilinc
274 3766 429 3831 Lucretius,
450 3767 495 3820 lib.
506 3767 541 3829 V,
552 3785 590 3819 vs.
612 3764 664 3828 45:
710 3773 830 3815 nostruin
849 3762 976 3834 agnoscit.
998 3762 1167 3834 Quapropter
1185 3761 1221 3813 le·

154 3841 286 3907 ·Quantar
317 3845 497 3898 conscindunt
527 3844 665 3898 homiuem
710 3839 826 3911 gendum
839 3840 924 3895 llond.
940 3854 1014 3914 putat
1029 3861 1036 3893 :
1053 3845 1176 3910 precipue
1195 3842 1221 3890 in

154 3922 307 3994 cuppedinis
325 3943 398 3978 acres
412 3925 519 3978 Cum·
537 3922 617 3990 Quod
631 3922 665 3975 ad
710 3923 803 3973 lllrsnn
821 3921 851 3973 In
865 3920 964 3974 Hermo
975 3934 1001 3975 et
1010 3921 1146 3975 Muandru
1158 3919 1220 3971 silu-

154 4016 208 4051 rern
227 4012 346 4055 nostram
362 4003 462 4072 optime
471 4002 587 4067 inservit,
599 4000 666 4055 illud
710 4018 753 4053 ros
774 4018 831 4053 ease
848 4000 994 4054 Pausanias
1011 4002 1039 4053 in
1053 3998 1218 4063 Messenius,

155 4096 214 4131 sane
232 4093 271 4133 est
292 4100 340 4153 per
362 4081 500 4155 cupedinis
521 4082 665 4135 dictionem
711 4090 804 4133 auctor
822 4091 869 4133 est.
889 4084 989 4133 Danao.
1004 4110 1039 4121 -
1054 4083 1179 4149 Proeciarre
1193 4080 1218 4130 in
