3200 5159
586 510 747 579 mnan
780 511 845 579 xa
1172 513 1249 611 495

182 647 425 719 munimentum
435 660 552 717 contra
566 648 775 717 occursantia
788 643 957 733 animalia,
965 661 1024 718 aut
1034 647 1097 718 alia
1110 649 1250 723 fortuitu

182 755 370 825 incidentia.
399 754 557 825 Delluere
581 740 655 824 eas⁵
681 754 771 824 haud
796 755 963 823 immerito
989 758 1120 824 Venere
1144 757 1248 839 abun·

181 859 337 931 dantibus
356 860 501 930 tradunt.
530 864 581 929 Ex
605 844 750 930 cateris⁶
774 856 858 928 nulli
878 875 972 949 sunt,
995 863 1059 932 nisi
1078 863 1196 957 quibus
1215 881 1249 936 et

181 969 216 1034 in
236 967 362 1062 reliquo
382 991 522 1062 corpore
538 964 605 1062 pili.
629 965 694 1036 Sed
714 965 1005 1061 quadrupedibus⁷
1026 969 1059 1037 in
1078 972 1250 1064 superiore

181 1087 311 1143 tantum
337 1097 437 1169 gena,
463 1072 655 1142 volucribus
676 1074 710 1141 in
731 1071 914 1142 inferiore:
942 1087 976 1143 et
1001 1072 1121 1169 quibus
1148 1077 1247 1150 molle

181 1193 294 1274 tergus
305 1234 314 1268 ‚
324 1194 364 1249 ut
376 1181 585 1276 serpentibus
596 1204 604 1248 τ
616 1194 650 1248 et
659 1177 912 1275 quadrupedum
925 1204 998 1275 quae
1013 1203 1078 1250 ova
1095 1185 1246 1277 pariunt,

181 1297 220 1353 ut
229 1284 365 1356 laoertae.
377 1271 695 1359 struthiocamelus⁸
710 1283 825 1355 alitum
836 1284 925 1374 sola,
949 1300 986 1357 ut
1000 1287 1121 1375 homo,
1134 1294 1247 1360 utrim-

179 1416 246 1484 que
259 1391 432 1488 palpebras
446 1391 556 1462 babet.

235 1501 342 1568 LVII.
364 1502 436 1569 Neo
450 1523 541 1593 genae
563 1495 696 1594 quidem
713 1495 869 1566 omnibus
896 1521 904 1564 t
925 1497 1001 1568 ideo
1018 1526 1126 1595 aequm
1143 1504 1244 1572 nicta·
1266 1532 1278 1569 ι

180 1606 287 1675 tiones
309 1607 369 1694 iis,
398 1629 472 1701 quae
492 1602 613 1674 animal
631 1600 822 1699 generant¹.
842 1605 1020 1677 Graviores
1040 1607 1174 1677 alitum²
1191 1611 1245 1678 in-

181 1813 692 1896 Palpebmporrojpnniusquumgenu
734 1837 769 1890 pe
782 1821 970 1881 meminiretis,
986 1824 1069 1879 modo
1090 1839 1148 1880 oete
1172 1845 1247 1882 amo·

180 1917 272 1968 vocat,
288 1904 409 1976 sequitur
424 1915 555 1957 vetustum
571 1921 691 1968 morem,
734 1915 816 1965 reas,
832 1900 892 1954 cilia
905 1922 914 1956 s
927 1902 1010 1957 immo
1029 1906 1119 1959 avium
1137 1908 1247 1978 quibus·

180 1987 256 2056 eujus
283 1985 376 2037 Festus
401 1982 547 2036 meminit:
576 2010 588 2032 ι
602 1981 692 2035 Genas
735 1975 796 2030 dam
821 1979 955 2054 palpebra
979 2002 1086 2056 quoqne
1115 1987 1183 2040 ciliis
1204 1989 1246 2042 in-

180 2065 283 2117 Ennins
290 2063 617 2136 palpebrasputat,qnnm
625 2059 692 2115 dicit
734 2069 859 2124 structo,
881 2079 947 2131 quas
964 2063 1059 2118 melius
1071 2065 1174 2137 plumas
1185 2066 1247 2121 bar·

179 2145 233 2198 boc
247 2161 341 2198 versu:
357 2141 468 2194 Pandite
482 2142 553 2196 sulti*
566 2160 645 2213 genas
666 2153 692 2195 et
733 2137 808 2190 butas
822 2139 948 2197 arbitrere
961 2159 1042 2212 qnam
1056 2144 1124 2199 cilia,
1137 2149 1184 2199 Ar,

179 2223 262 2277 eorde
270 2222 411 2294 relinquite
419 2239 567 2275 somnum·
578 2220 633 2274 Atii
650 2239 693 2273 eas
776 2218 805 2271 8.
822 2216 1064 2276 Struehbcameta...
1084 2224 1145 2278 sola.
1163 2227 1246 2282 Arist.

181 2317 269 2374 partes
277 2315 372 2375 putant
383 2320 462 2372 genas
471 2299 542 2364 dici,
557 2319 616 2372 qun
629 2312 692 2354 sunt
734 2295 785 2350 loc.
799 2297 845 2349 cit.
857 2299 951 2352 cilium
964 2318 1018 2355 esse
1029 2303 1172 2358 struthioni
1183 2307 1246 2360 sori·

181 2383 232 2436 snb
254 2381 347 2436 oculis.
366 2381 499 2435 Pacuvius
517 2399 597 2453 genas
615 2393 692 2453 putat
733 2375 790 2428 bit:
803 2377 1077 2449 insemetantum,an
1088 2396 1246 2458 etsupeme,

178 2480 252 2525 esne,
270 2480 323 2535 qua
344 2461 427 2517 barba
447 2461 565 2534 primam
588 2461 690 2523 oritur,
733 2472 790 2508 non
810 2457 856 2510 ait.
875 2459 977 2512 Verum
993 2480 1077 2532 quum
1092 2463 1245 2521 volucribus

180 2543 232 2597 boc
249 2561 329 2597 versu
348 2561 354 2596 :
371 2541 449 2594 Nunc
464 2541 582 2613 primum
598 2551 692 2613 opacat
734 2552 790 2588 este
805 2536 866 2590 cilia
877 2551 980 2594 constet
995 2542 1023 2594 in
1036 2541 1163 2598 inferiore
1177 2563 1245 2615 gena

180 2621 357 2693 florelanugo
370 2639 480 2693 gem.-
500 2621 591 2675 Rutu.
734 2631 781 2668 1011
804 2616 953 2688 palpebra:
976 2621 1154 2676 struthionem
1179 2645 1245 2680 vero

223 2701 250 2757 5.
272 2702 384 2773 Deflum
400 2720 449 2754 eas.
470 2701 551 2754 Arist.
577 2716 635 2771 oap-
657 2704 692 2766 4,
735 2693 941 2768 quadrupedum
952 2703 995 2752 uel
1008 2719 1041 2754 ex
1056 2721 1086 2755 eu
1104 2716 1180 2773 parte
1197 2724 1245 2758 na·

179 2782 311 2852 problem.
338 2798 390 2852 19,
409 2799 469 2852 pag.
497 2779 551 2849 705
572 2797 579 2832 :
599 2774 644 2832 διὰ
665 2777 691 2833 τί
735 2787 822 2827 turam
837 2776 1022 2833 referreidem
1036 2779 1130 2837 doceat
1143 2784 1190 2838 lib.
1203 2788 1245 2840 1v

180 2861 245 2922 ὅσοις
259 2860 289 2914 ἂν
310 2857 454 2932 §tumidae
476 2862 572 2931 ῥέουσι,
586 2859 692 2930 λάγνοις
734 2850 769 2906 de
782 2855 856 2908 Part.
872 2857 963 2912 Arnim.
974 2878 1033 2931 cap.
1052 2870 1098 2929 14,
1109 2880 1136 2934 p.
1155 2869 1244 2930 1⁰le

183 2967 194 2988 ι
203 2942 260 2994 Cur
277 2941 373 2994 salaces
392 2941 420 2994 bi
440 2955 516 3007 sunt,
530 2937 627 3011 quibus
641 2938 691 3009 pili
734 2932 809 3005 quod
823 2947 851 2989 et
865 2939 1003 3008 superiore
1018 2954 1094 3013 parte
1106 2942 1246 3014 palpebras

179 3021 370 3092 palpebrarum
392 3017 536 3074 defluunt?
552 3045 563 3066 ι
586 3018 690 3071 Locum
733 3026 823 3085 gerat,
837 3015 986 3088 βλεφαρίδας
1005 3021 1055 3089 ἔχει
1074 3019 1120 3083 τὰς
1140 3023 1244 3090 dantes,

180 3097 251 3154 vide.
274 3099 307 3154 ld
327 3099 424 3153 iterum
452 3099 549 3170 repetit
573 3099 621 3150 lib.
649 3098 691 3151 111
734 3091 803 3146 nihil
822 3113 837 3147 a
857 3095 946 3150 Plinio
963 3110 1063 3153 temere
1084 3100 1245 3158 affirmatum

179 3177 249 3234 Ηῑςς,
264 3179 353 3232 Anim,
375 3197 436 3250 cap,
460 3197 509 3242 10,
524 3196 552 3250 p.
571 3177 645 3242 348,
661 3195 691 3231 ae
734 3185 861 3228 autumo:
872 3177 1018 3231 ntPinetus
1027 3180 1245 3251 postl’intianum

180 3259 280 3312 Plinius
295 3260 370 3330 ipse,
393 3277 417 3312 c.
436 3264 482 3327 94.
495 3256 592 3310 Melius
608 3255 691 3310 dixis·
734 3253 845 3307 censuit.
868 3256 959 3310 Hann.
977 3289 1018 3301 -
1033 3257 1245 3318 Strutlsiocomelue

88 3399 90 3404 ,
178 3352 236 3404 set,
251 3333 297 3392 διὰ
321 3339 346 3392 τί
371 3336 422 3390 ὅσαι
441 3337 526 3408 tuipsa
551 3338 690 3407 πεφύκασι,
733 3333 820 3384 alitum
831 3336 893 3387 oola.
907 3336 979 3391 Bene
996 3355 1004 3391 ε
1023 3357 1086 3392 nam
1100 3357 1244 3398 notastru·

179 3421 274 3480 τούτοις
284 3421 310 3472 αἱ
323 3413 466 3488 βλιφαρὶδις
476 3419 571 3488 §lauare
586 3418 630 3470 Aa.
734 3411 893 3468 thiocamelo
905 3416 1033 3488 palpebra
1047 3422 1160 3491 gemina.
1174 3427 1223 3478 Aa.

220 3502 248 3552 6.
260 3498 411 3552 Excoeteris.
425 3497 558 3553 Eooeteris
568 3495 689 3549 animan·
773 3492 861 3547 LVII.
887 3497 992 3550 1.1deo
1007 3496 1081 3572 arque
1103 3506 1244 3557 nictationes

179 3577 250 3640 tibus
265 3577 357 3631 cilium
374 3577 473 3631 babent
488 3576 623 3650 palpebris
644 3573 690 3630 ad·
734 3577 778 3638 iis,
794 3593 849 3644 quoe
868 3577 961 3629 ααίααί
980 3592 1106 3649 generant.
1129 3581 1168 3636 Ut
1190 3602 1244 3637 ves·

176 3661 303 3729 junctum
313 3658 411 3724 onmia,
420 3676 479 3729 quta
487 3655 556 3728 pilos
566 3654 691 3710 obtinent
732 3655 896 3725 pertiliones.
912 3657 1004 3712 Hann.

178 3739 283 3810 reliquo
304 3738 332 3791 in
347 3755 478 3809 corpore:
495 3731 644 3807 βλεφαρίδας
662 3730 689 3787 d·
776 3751 801 3786 a.
816 3733 946 3788 Graviores
956 3737 1049 3791 alitum.
1060 3741 1139 3795 Arist.
1156 3743 1244 3796 lib.11

179 3817 221 3870 lul
240 3825 287 3870 τῶν
305 3819 429 3888 βλιγάρων
448 3819 514 3886 Ιχαι,
533 3818 581 3870 ὅσα
603 3815 688 3885 τρίχας
732 3812 799 3867 ltin.
817 3814 910 3868 Anim.
925 3835 981 3889 cup.
998 3826 1031 3874 15
1040 3858 1047 3886 ,
1060 3839 1120 3892 pag.
1136 3839 1200 3885 211,
1216 3835 1244 3877 et

178 3899 239 3965 ἔχει.
253 3897 330 3951 Arist.
346 3897 392 3950 lib.
407 3898 434 3951 11
452 3894 486 3950 de
505 3895 576 3949 Part.
593 3895 687 3948 Anim·
732 3893 779 3946 lib.
791 3894 820 3945 11
833 3891 868 3947 de
879 3894 979 3951 Partib.
991 3917 1050 3972 cap.
1065 3902 1110 3959 13,
1127 3919 1156 3972 p,
1169 3901 1241 3970 993:

178 3995 238 4046 cap.
255 3983 302 4040 14,
314 3995 374 4048 pag.
392 3984 458 4048 994.
475 3978 564 4030 Hann.
732 3975 831 4028 rutrum
853 3971 880 4028 δ’
895 3977 916 4028 ol
937 3978 1020 4050 βαριῖς
1042 3987 1077 4050 τῷ
1095 3979 1164 4031 κάτω
1187 3981 1244 4045 fita·

219 4074 247 4126 7.
257 4053 307 4106 Sed
317 4055 515 4128 qeeadrnpedr'bus.
523 4055 593 4109 Male
602 4054 689 4108 simius
732 4055 809 4126 pipp.
823 4054 857 4107 Id
870 4068 957 4111 tamen
973 4059 1039 4111 etin
1052 4059 1110 4112 aliis
1120 4060 1244 4113 obser-ra·

177 4136 276 4206 excipit
289 4135 453 4192 Harduinus.
463 4137 596 4190 Omnibus
606 4136 688 4206 qnip·
733 4148 798 4188 tum.
815 4135 906 4187 Hono.
