3200 5159
309 486 384 559 126
570 490 610 558 C.
638 491 811 584 PLINII
838 494 951 560 ΝΑΤ.
980 491 1108 559 HIST.

303 621 382 691 licet
400 620 508 690 fuerat
523 622 558 689 in
579 620 673 716 gulas
690 622 791 693 condi
812 626 934 710 maria,
953 624 1015 692 nisi
1028 622 1202 708 manibus,
1221 622 1374 709 auribus,
1461 689 1464 693 .

305 730 424 822 capite,
432 741 568 821 totoque
577 728 887 823 corporeafeminis
891 730 984 823 juxta
997 728 1141 823 virisque
1156 743 1375 822 gestarentur.

273 854 288 887 ²
307 833 397 922 Quid
419 835 504 903 mari
524 858 600 903 cum
629 821 797 905 vestibus³
810 834 825 905 l
838 836 928 925 Quid
943 834 1039 903 undis
1057 834 1277 929 fluctibusque
1298 860 1375 905 cum

306 938 448 1013 vellere?
467 939 546 1009 Non
567 929 679 1012 recte⁴
698 943 817 1037 recipit
836 943 908 1011 haec
924 967 985 1011 nos
1005 964 1116 1009 rerum
1138 939 1289 1027 Natura,
1313 943 1376 1011 nisi

307 1046 425 1115 nudos.
445 1049 546 1132 Esto,
576 1047 619 1117 sit
650 1034 762 1117 tanta⁵
794 1050 905 1118 ventri
925 1074 1002 1117 cum
1035 1070 1075 1116 co
1105 1048 1266 1131 societas,
1297 1046 1377 1141 quid

308 1150 462 1246 tergori?
478 1154 600 1223 Parum
620 1168 685 1237 est,
711 1156 776 1225 nisi
802 1157 860 1249 qui
889 1156 1053 1225 vescimur
1079 1152 1254 1248 periculis,
1275 1154 1373 1223 etiam

308 1261 503 1328 vestiamur:
513 1258 597 1331 adeo
605 1284 665 1354 per
675 1275 782 1330 totum
797 1286 934 1357 corpus,
945 1262 1055 1329 anima
1066 1260 1210 1330 hominis
1222 1244 1377 1355 quaesita⁶

309 1366 452 1435 maxime
474 1364 617 1459 placent.

278 1508 291 1543 1
363 1474 453 1541 LIV.
471 1472 673 1565 Principium
689 1497 771 1567 ergo
785 1471 999 1567 culmenque¹
1012 1473 1160 1541 omnium
1176 1498 1287 1542 rerum
1302 1497 1378 1567 pre·

313 1578 369 1663 tii,
391 1579 576 1669 margaritae
601 1592 724 1647 tenent.
747 1580 880 1649 lndicus
900 1580 1042 1647 maxime
1068 1578 1128 1647 has
1151 1580 1254 1647 mittit
1272 1581 1379 1647 Ocea·

313 1707 391 1769 nus,
413 1683 499 1751 inter
519 1682 590 1752 illas
610 1684 736 1755 belluas
763 1685 844 1755 tales
870 1700 1071 1779 tantasque,
1093 1682 1195 1777 quas'
1216 1684 1378 1771 diximus,

312 1812 373 1882 per
395 1802 445 1856 tot
471 1790 574 1856 maria
597 1792 788 1875 venientes,
813 1807 880 1861 tam
897 1791 998 1887 longo
1027 1805 1191 1859 terrarum
1219 1804 1380 1879 tractu,e

312 1969 424 2027 gruente
442 1956 565 2011 effluunt.
586 1958 699 2012 Possunt
715 1958 824 2031 quidem
870 1956 1010 2011 emendate
1024 1957 1381 2028 legit,nequesensnsnper·
1446 1950 1449 1958 '

314 2054 406 2089 omnes
425 2038 533 2107 conchae
551 2039 616 2091 tales
634 2039 749 2109 gignere.
771 2038 825 2091 Sed
868 2038 947 2109 cepit.
955 2038 1015 2089 Mea
1027 2037 1108 2113 igitur
1118 2040 1246 2090 sententia
1257 2038 1381 2091 locushic

315 2116 433 2187 pulchre·
447 2136 503 2168 non
514 2131 584 2182 sunt,
595 2119 645 2169 nisi
658 2132 684 2171 et
693 2119 826 2189 ipseinte·
868 2134 929 2170 cum
953 2116 1158 2186 interrogatione
1177 2116 1303 2188 legendus
1318 2130 1379 2169 ests
1402 2131 1404 2134 ·

315 2196 617 2268 riorsuperficiesqunm
624 2216 828 2251 »convocemus
872 2222 883 2245 ι
899 2197 971 2249 Num
983 2196 1034 2247 rite
1048 2194 1142 2266 recipit
1157 2197 1276 2249 nosvhec
1292 2214 1382 2249 rernm

316 2276 477 2344 perpulchra
486 2276 826 2347 sitQuarnobremoptimse
869 2288 977 2340 nature,
992 2274 1043 2327 nisi
1054 2274 1158 2327 nudos?
1172 2301 1183 2321 ι
1205 2276 1297 2345 Neque
1310 2276 1381 2327 enim

316 2372 348 2405 ex
363 2354 473 2407 Oriente
486 2369 560 2419 eunt,
576 2369 648 2409 etex
670 2357 714 2409 illa
728 2356 827 2409 bivalvi
869 2352 903 2408 de
921 2369 990 2408 terra
1012 2356 1143 2425 loquitur,
1156 2354 1202 2407 sed
1218 2354 1252 2407 de
1269 2354 1336 2406 mari
1356 2366 1382 2407 et

316 2448 395 2503 qnam
417 2434 541 2487 Linnseus
562 2437 670 2507 mytiluss
689 2441 829 2506 margariti·
870 2436 1001 2488 elemento
1023 2450 1116 2506 nane,
1135 2454 1216 2507 quum
1240 2434 1382 2506 ingressuri

312 2516 394 2580 serum
407 2528 492 2566 vorat.
506 2515 581 2579 Quos
588 2514 670 2567 indici
687 2517 766 2568 maris
775 2530 829 2569 tra·
870 2512 1099 2583 vestesponimns.
1112 2516 1193 2568 Pm-

317 2606 375 2645 ctus
382 2592 543 2646 demontrat
550 2596 654 2660 Noster,
660 2596 688 2646 in
695 2596 727 2648 iis
736 2597 829 2648 etiam-
914 2596 940 2649 5.
952 2596 1016 2646 Esto
1026 2597 1059 2645 sit
1071 2606 1140 2645 tauta
1154 2598 1232 2647 uentri
1242 2612 1294 2645 cum
1307 2612 1335 2645 eo
1343 2612 1383 2645 so·

317 2690 383 2725 nuni
395 2674 567 2744 reperiuntur
579 2675 720 2745 pleraque.
738 2677 808 2729 Cnv.
871 2676 953 2726 eietn.
970 2674 1065 2726 Scribo
1084 2688 1178 2727 contra
1192 2674 1280 2725 omnis
1294 2690 1383 2725 exem·

360 2753 386 2805 3.
401 2754 471 2821 Quid
482 2757 545 2805 mari
557 2774 610 2805 curn
624 2755 738 2807 uestibus.
764 2756 830 2808 Pro·
871 2752 969 2825 plerin,
983 2754 1062 2818 Esto,
1075 2757 1106 2805 sit
1118 2757 1181 2805 tanti
1196 2756 1276 2803 ventri
1290 2770 1342 2803 eum
1355 2770 1383 2803 eo

318 2833 441 2885 serbinm
453 2847 543 2899 vetus,
560 2836 707 2903 Quinatare
719 2835 790 2897 uult,
806 2854 831 2885 ss
871 2837 985 2897 societas,
1000 2833 1051 2886 hoe
1069 2843 1238 2898 cet,constet
1257 2844 1297 2885 tot
1311 2832 1383 2884 labo·

319 2916 395 2965 anit.
407 2914 509 2966 Denso.
873 2914 947 2965 sibus
957 2912 1147 2982 periculisque,
1159 2912 1216 2963 brec
1228 2928 1308 2981 quem
1320 2920 1384 2963 ven*-

361 2999 387 3055 4.
401 2992 459 3044 Non
470 3004 531 3043 recte
544 2994 629 3061 recipit
641 2992 693 3064 heae
704 3010 762 3056 nos,
779 3004 831 3044 etc.
872 3004 913 3045 ter
932 3010 992 3044 cum
1006 2992 1073 3043 muri
1087 2991 1146 3044 iniit
1166 2990 1284 3043 societas.
1305 2990 1384 3041 Pmr.

320 3071 414 3123 Scribo
426 3090 481 3123 non
496 3072 563 3134 lec,
579 3068 626 3123 scd
635 3072 728 3124 licrut
738 3072 772 3124 sit
781 3090 831 3124 sn·
872 3103 913 3115 -
922 3072 984 3123 Non
992 3070 1243 3123 benemsvultPint.
1252 3072 1328 3133 trad,
1342 3087 1388 3121 eo·

319 3150 497 3221 thypophors.
509 3150 600 3214 Dicat,
615 3150 831 3222 inquit,aliquis,
874 3150 936 3203 dem
947 3151 1003 3203 lere
1014 3149 1149 3203 intellectu
1167 3168 1173 3201 :
1192 3161 1222 3201 ut
1234 3150 1269 3201 sit
1280 3162 1384 3201 senten-

320 3228 392 3281 hsnd
414 3229 557 3282 clementer
581 3243 702 3283 naturam
727 3231 831 3295 lacere,
874 3231 911 3283 tia
936 3247 943 3281 ε
969 3240 1072 3281 constet
1093 3246 1155 3282 sene
1175 3240 1215 3281 tot
1235 3227 1386 3291 laboribus,

320 3328 378 3379 qua
389 3328 438 3361 nos
446 3310 491 3362 hic
503 3308 626 3381 protinus
640 3329 673 3363 ex
688 3320 765 3363 utero
778 3328 832 3363 nu·
873 3309 1067 3381 periculisque,
1093 3309 1165 3370 haec,
1194 3326 1274 3379 quem
1294 3319 1386 3360 venter

320 3388 370 3440 dos
384 3401 410 3441 et
429 3389 524 3460 inopes
535 3389 664 3460 excipiet3
678 3403 742 3443 tunc
756 3388 832 3442 adhi·
874 3389 924 3441 init
945 3405 1006 3441 cum
1030 3388 1096 3439 meri
1121 3388 1258 3441 societas:
1285 3387 1387 3439 tantine
1418 3393 1419 3396 ’

320 3469 401 3520 betur
423 3470 528 3522 solutio.
547 3470 704 3532 Fatesmur,
728 3471 832 3540 inquit,
873 3466 947 3521 dorsi
960 3464 1385 3539 'quoquevestitnsemendusffl

320 3548 357 3599 itu
370 3565 424 3600 csse
440 3563 530 3602 :caret
544 3549 599 3601 vita
611 3550 692 3614 cibis,
706 3561 833 3620 petantur
917 3551 943 3599 ti.
956 3548 1075 3616 Quaerite.
1090 3546 1224 3616 Aequisits
1245 3546 1305 3600 vitre
1317 3545 1388 3605 salue

320 3645 337 3678 e
349 3627 431 3679 mari:
446 3640 474 3680 at
485 3642 568 3681 vestes
587 3627 649 3681 inde
664 3629 747 3699 tingi,
765 3640 833 3681 etse
875 3627 960 3697 tisqne
974 3623 1123 3697 dispendio.
1135 3627 1227 3679 Hann.

321 3694 388 3773 (non
404 3705 566 3760 redimendae
582 3707 709 3761 nuditatis
729 3708 831 3776 gratis,
916 3707 987 3759 LIV.
1009 3705 1204 3777 1.Cttlmettque.
1224 3707 1258 3757 In
1277 3704 1387 3777 quihus·

321 3783 367 3837 scd
395 3785 527 3850 luxuria)
554 3788 679 3857 periculis
702 3786 833 3857 objicere,
877 3784 939 3838 dam
962 3784 1038 3839 MSS.
1063 3785 1190 3850 columen,
1215 3783 1288 3857 quod
1314 3782 1388 3836 idem

321 3865 834 3938 quierectefnctnmtneripossitillsn-
877 3882 941 3918 cuns
966 3864 1092 3917 culmine.
1116 3864 1280 3935 Principium
1299 3876 1389 3917 nutem

322 3962 390 3999 ison.
401 3947 520 4000 Biansn.
532 3978 571 3988 -
580 3945 663 3999 Multa
678 3945 835 3998 Hermolaus
878 3962 929 4016 pro
939 3944 1092 4015 principatu
1102 3942 1288 4015 dici,dignum
1301 3944 1389 4023 apim·

322 4023 351 4075 in
370 4026 534 4095 expositione
551 4026 630 4097 liujus
648 4026 702 4078 loci
724 4047 731 4079 s
752 4042 833 4097 quens
880 4022 1034 4079 adversione
1046 4037 1092 4081 est.
1111 4026 1204 4078 lisso.

322 4116 426 4169 tamen,
438 4106 490 4157 nisi
502 4106 630 4177 opinione
645 4106 731 4170 fallor,
746 4124 833 4177 neque
920 4126 944 4157 a.
961 4104 1029 4173 Quas
1039 4104 1151 4156 desimus.
1166 4106 1228 4173 Cup.
1241 4121 1266 4155 a.
1277 4102 1369 4153 llsan.
