3200 5159
377 485 450 562 soll
646 487 684 556 C.
714 486 880 556 PLINII
905 485 1015 557 NAT.
1043 485 1169 556 fllsr.

375 624 457 718 pici,
475 617 679 690 altitudinem
696 619 816 712 equitis
832 616 1004 686 insidentis
1024 641 1111 711 equo
1128 617 1309 708 excedunt,
1330 621 1447 692 celeri-

273 787 277 798 .
378 743 480 799 tatem
494 728 633 796 vincunt
656 747 664 792 :
690 723 733 794 sd
754 723 820 794 hoc
837 722 972 799 demum
988 721 1073 792 datis
1094 726 1230 818 pennis,
1251 741 1289 796 ut
1306 753 1443 799 curren-

379 851 447 906 tem
461 833 620 926 adjuvent
638 857 646 900 ε
664 845 784 900 caetero
803 853 872 898 non
885 844 964 899 sunt
976 827 1148 918 volucres,
1162 855 1225 900 nec
1240 855 1261 900 a
1279 847 1366 904 terra
1382 836 1448 904 tol·

345 940 503 1010 aluntur.
531 935 675 1033 Ungulae
700 936 738 1005 iis
763 937 905 1006 cervinis
930 920 1095 1022 similes³‚
1121 937 1241 1030 quibus
1269 939 1446 1029 dimicant,

378 1044 527 1130 bisulca,
556 1058 590 1112 et
609 1041 930 1136 comprehendendis
951 1040 1115 1136 lapidibus
1130 1030 1256 1128 utiles⁴‚
1282 1034 1387 1139 quos⁵
1411 1050 1447 1118 in

379 1153 456 1246 sugo
471 1165 589 1220 contra
599 1163 772 1243 sequentes
783 1150 940 1243 ingerunt
948 1147 1097 1242 pedibus.
1106 1137 1364 1244 Concoquendi⁶
1376 1155 1448 1223 sine

378 1258 508 1328 delectu
528 1256 688 1324 devorata
704 1256 787 1324 mira
809 1269 947 1324 natura:
971 1254 1029 1323 sed
1043 1279 1112 1323 non
1130 1256 1239 1326 minus
1255 1255 1415 1330 stoliditas
1422 1259 1447 1345 ⁷,

378 1366 414 1434 in
439 1378 532 1434 tanta
555 1361 671 1455 reliqui
695 1362 845 1455 corporis
873 1359 1072 1447 altitudine,
1103 1385 1206 1455 quum
1224 1361 1309 1437 colla
1326 1364 1446 1435 frutice

377 1467 650 1554 occultaverunt,
674 1465 777 1536 latere
799 1491 870 1537 sese
890 1468 1156 1536 existimantium.
1183 1471 1320 1539 Prasmia
1346 1495 1388 1540 ex
1407 1474 1446 1542 iis

378 1595 459 1664 ova,
473 1589 611 1671 propter
629 1571 894 1668 amplitudinem,
912 1598 976 1668 pro
987 1573 1185 1668 quibusdam
1196 1562 1324 1644 liabita⁸
1340 1580 1445 1666 vasis,

378 1707 544 1778 conosque
566 1677 736 1764 bellicos⁹‚
754 1695 788 1749 et
801 1678 911 1775 galeas
929 1679 1129 1749 adornantes
1150 1705 1268 1775 penna·
1278 1680 1312 1750 ¹⁰.

377 1820 493 1876 nominis
502 1832 577 1892 parte
587 1818 744 1887 interroges,
758 1819 890 1871 monitum
932 1829 958 1869 at
988 1815 1120 1890 quedam·
1144 1836 1200 1870 noo
1231 1833 1445 1891 concoquuntur.

379 1915 405 1956 te
417 1903 497 1955 velim
509 1897 602 1952 cameli
615 1897 822 1968 appellationem
832 1915 888 1950 non
932 1895 1098 1962 Quibusdam
1111 1896 1166 1949 vidi
1180 1899 1347 1952 atamachum
1363 1901 1446 1956 modo

379 1981 415 2034 ob
435 1993 538 2034 stator-ss
554 1990 658 2032 tantum
679 1975 889 2047 magnitudinem
932 1975 1446 2050 ruptum.interdumsvitriirsgmeoto

378 2053 890 2126 nosuoehuicstruthodstam,sedqood
932 2069 1033 2108 metum
1042 2055 1251 2128 lscinistumque
1260 2057 1362 2112 misere.
1375 2044 1445 2114 ilus.

379 2141 518 2211 sepissime
535 2138 562 2189 in
582 2137 633 2189 lsac
645 2135 706 2188 Afri
724 2135 888 2206 inequitent.
974 2155 999 2201 7.
1019 2133 1157 2188 Sensuro.
1173 2133 1206 2188 Id
1221 2155 1285 2190 vero
1297 2137 1444 2205 Diodorus,

380 2221 402 2273 si
416 2217 483 2291 quid
494 2215 630 2270 celerrime
639 2214 832 2280 nuntiandum,
844 2226 890 2267 sut
932 2214 1001 2267 Bibl.
1014 2214 1061 2268 lib.
1075 2215 1120 2279 11,
1130 2234 1158 2290 p.
1170 2215 1232 2280 133,
1240 2217 1447 2292 nonstoliditsti

379 2295 585 2353 conficiendum.
600 2299 648 2348 Ar.
932 2305 978 2346 sut
999 2293 1109 2363 ignavie
1127 2293 1331 2350 adscribendum
1352 2311 1446 2370 putet,

418 2380 445 2433 3.
464 2377 576 2446 Ungula.
592 2413 600 2428 .
616 2415 623 2428 .
642 2414 649 2426 .
672 2377 770 2426 cervinis
791 2374 887 2427 similes.
933 2374 1008 2444 qussi
1021 2374 1104 2426 latere
1115 2392 1142 2426 se
1156 2374 1185 2426 in
1198 2387 1257 2428 toto
1274 2389 1332 2430 turn
1347 2390 1443 2448 putet:

376 2443 554 2512 Corvinorum
563 2453 663 2525 pedum
672 2453 889 2525 aliqusrsimilitu·
932 2451 1114 2524 sedquoniam
1126 2467 1229 2523 partem
1243 2458 1364 2528 corporis
1377 2458 1445 2512 lasne

377 2537 413 2591 do
428 2550 483 2603 est,
504 2533 635 2607 siquidem
658 2533 765 2587 dnolsus
784 2545 888 2586 tanturn
932 2532 1012 2586 hebet
1024 2531 1444 2609 infirmissimsm‚qusleoumqus

377 2617 466 2689 digitis
485 2615 582 2687 pollet,
609 2625 638 2666 ut
662 2631 755 2666 cervus
776 2614 833 2683 ipse
857 2631 888 2666 ac
931 2612 1022 2666 salutis
1032 2612 1186 2683 presidium
1201 2613 1253 2667 luc
1266 2618 1445 2672 occuli-stone

377 2711 470 2751 cetere
484 2713 549 2768 gens
561 2693 768 2757 ruminantium,
786 2691 833 2744 sed
846 2694 890 2746 his
931 2693 1024 2763 ospitis
1044 2710 1137 2763 parere
1159 2713 1187 2747 se
1206 2694 1264 2764 ipss
1285 2697 1336 2750 sibi
1353 2699 1445 2751 existi·

376 2776 615 2850 inaequalibusmec
625 2772 889 2844 ungulasprel'eren·
932 2784 995 2825 met.
1008 2770 1098 2826 liano.

377 2857 457 2910 tibus.
472 2853 590 2909 Cnvtnn.
973 2853 1000 2905 θ.
1022 2853 1075 2905 Pro
1099 2849 1239 2926 quidusdam
1260 2855 1343 2908 tabita
1365 2862 1442 2911 wis.

418 2930 888 3006 4.Comprslseuderrdislspidibusutiles.
932 2931 1445 3010 Ovsstmthiocsmeli‚argerstoexcepts

288 3023 291 3028 '
377 3009 795 3087 Noucompreheuduntlspides,
804 3025 890 3064 utros
931 3011 1101 3084 inclusaque,
1116 3031 1176 3084 que
1187 3015 1346 3085 poculorum
1358 3017 1443 3070 ricem

375 3091 889 3170 jaculenturssedquumcursuseorum
931 3091 1094 3164 preberent,
1118 3110 1174 3146 noo
1197 3093 1278 3147 semel
1300 3113 1315 3148 s
1338 3113 1367 3149 se
1389 3099 1444 3152 viss

378 3176 412 3229 sit
425 3175 567 3229 citissimus
585 3184 612 3225 et
628 3171 888 3238 vehementissimus,
930 3183 1020 3224 narret
1030 3172 1261 3244 Nierembergius‚
1270 3176 1369 3238 ltux,
1382 3193 1443 3247 esp.

378 3254 511 3309 currendo
524 3251 625 3326 lapides
638 3264 745 3304 movent
760 3262 832 3303 unta
845 3251 888 3317 vi,
934 3253 986 3310 33,
1000 3253 1445 3326 pag.219.llsnn.-Ovepropssr

378 3328 889 3406 utinsequentesquasiingeuividesn·
931 3331 1120 3402 amplitudinem.
1149 3333 1221 3385 Vera
1247 3333 1329 3388 tradit
1349 3351 1357 3387 t
1380 3353 1444 3389 nam

379 3426 433 3480 tur,
449 3427 513 3468 teste
529 3413 560 3466 P.
577 3413 673 3476 Loso,
687 3411 799 3463 Helorion
812 3412 889 3464 listo-
932 3410 1089 3482 gallinarum
1095 3429 1145 3464 ovs
1151 3423 1275 3483 qustum,
1288 3415 1370 3466 immo
1381 3427 1443 3468 octo

380 3499 446 3568 rique
457 3493 629 3565 d'Adyssinie‚
641 3509 668 3562 p.
685 3491 729 3558 39.
743 3492 827 3544 Broc.
931 3490 1109 3563 supraricens
1124 3491 1168 3544 vix
1179 3492 1226 3544 uui
1238 3493 1445 3548 struthioesmeli

421 3575 446 3628 ⁵.
461 3574 529 3644 Quos
544 3577 568 3625 iu
578 3573 652 3642 suga.
669 3571 800 3633 kilianus,
820 3569 887 3624 nist.
931 3569 1109 3642 amplitudine
1128 3585 1188 3624 suut
1206 3591 1290 3642 pares.
1312 3573 1443 3637 Quasdam

380 3654 469 3708 Anim.
490 3653 540 3707 lib.
565 3653 618 3714 IV,
640 3669 698 3721 cap.
720 3667 756 3721 73
780 3649 890 3703 Manuel
931 3650 1045 3716 cnsuevi,
1066 3667 1117 3702 neo
1136 3651 1231 3708 semet,
1252 3669 1302 3705 nee
1325 3653 1444 3708 delicatis
1553 3699 1558 3707 ,

378 3733 468 3798 Phile,
484 3732 531 3786 lib.
546 3731 578 3784 de
595 3731 676 3802 Prop.
696 3730 813 3783 Animal.
829 3749 887 3801 ρας.
932 3741 1036 3784 tantum
1053 3729 1159 3783 focutis
1173 3732 1384 3801 annumeranda,
1394 3733 1443 3788 sed
1508 3750 1514 3763 ·

275 3849 280 3860 .
381 3807 426 3869 26}
441 3813 530 3866 Hun.
932 3810 1070 3881 ipsissimis
1078 3809 1187 3864 deliciis.
1202 3811 1323 3865 Curras.

419 3897 446 3948 6.
467 3890 643 3964 Coumquendi.
663 3889 801 3954 Elianus,
820 3887 889 3942 ffise
972 3907 999 3959 9.
1013 3889 1138 3961 Corsosque
1147 3889 1251 3944 delficos.
1264 3893 1442 3966 Theophanes.

377 3971 470 4028 Anius.
484 3973 531 4026 lib.
544 3971 622 4035 xlv,
634 3988 692 4041 cap.
709 3988 736 4040 7.
748 3969 839 4021 Esau.
848 4001 890 4012 —
932 3967 1002 4022 illst.
1010 3969 1060 4023 lib.
1073 3971 1124 4035 IV,
1140 3986 1197 4041 csp.
1214 3970 1242 4024 ⁵.
1253 3973 1354 4026 Denso.

336 4044 339 4052 ¹
379 4051 574 4128 concoquendi...
588 4047 889 4103 devorarusuushioes-
976 4049 1294 4121 serimentum.
1313 4053 1445 4118 Quimos

377 4135 447 4186 melo
461 4143 555 4188 cuncta
569 4129 679 4202 quidem
700 4127 886 4189 comeduntur,
931 4125 1066 4200 hodieque
1086 4128 1180 4187 duret.
1205 4143 1233 4183 et
1252 4131 1318 4184 olins
1338 4134 1366 4185 irs
1390 4151 1442 4184 usu
