3200 5159
624 533 780 600 tinnis
807 533 872 600 x1.
1201 526 1274 626 507

210 679 243 733 et
253 663 377 760 speculi
394 665 535 732 nitorem
548 649 572 694 ¹⁴
586 689 627 732 ex
636 663 776 734 adverso
789 662 905 731 nudati
920 662 1143 745 hebeunt‚et
1154 661 1278 731 colum-

210 772 327 840 barum
339 756 363 795 ¹⁵
383 769 469 840 fetus
485 768 660 864 implumes
678 784 808 838 necant.
829 768 969 863 Reliqua
983 768 1024 838 de
1038 770 1077 838 iis
1090 772 1126 837 in
1140 793 1276 863 genem·

210 879 300 947 tione
317 877 490 946 homiuum
510 874 598 946 dicta
619 861 735 946 sunt¹⁶.
754 874 1046 970 Erumpentibus¹⁷
1071 874 1275 945 morbitcor-

210 1007 293 1079 pora
308 983 484 1052 infantium
507 984 684 1077 accipiunt.
699 981 841 1077 Reliqua
852 981 1024 1067 animalia,
1041 1005 1115 1076 quse
1131 996 1277 1053 serratos

210 1090 350 1178 habent,
374 1090 551 1160 sevissima
564 1089 731 1159 dentibus.

263 1199 369 1270 LXV.
385 1195 541 1290 liuguae¹
555 1221 623 1266 non
637 1197 791 1267 omnibus
807 1194 925 1265 eodem
942 1194 1056 1265 modo.
1072 1194 1278 1264 Tenuissime
1299 1218 1309 1251 ¹

211 1303 419 1398 serpentibus
430 1316 464 1372 et
475 1301 642 1389 trisulca²,
663 1304 817 1384 uibrans,
840 1304 903 1372 atri
917 1301 1057 1387 coloris,
1076 1301 1154 1369 etsi
1170 1314 1277 1368 extra·

211 1410 287 1496 has,
303 1409 498 1504 praelonga:
519 1408 650 1478 lacertis
664 1408 766 1479 bifida
786 1422 822 1478 et
844 1394 968 1503 piloss³
986 1434 995 1476 t
1016 1405 1128 1476 vitulis
1145 1431 1278 1500 quoque

212 1592 291 1644 muris
303 1589 476 1661 lumineque,
493 1607 657 1660 gangrenam
673 1591 723 1642 ob·
766 1602 851 1661 poete
862 1589 1004 1643 trisulcam.
1022 1589 1092 1643 Cure
1104 1587 1133 1640 id
1146 1601 1235 1642 tamen
1250 1587 1278 1640 iu
1374 1646 1377 1655 ,

210 1683 296 1723 ortum
310 1689 365 1723 non
378 1668 458 1723 semel
474 1667 572 1721 vidisse
592 1687 620 1722 se
633 1669 724 1721 scribit
766 1687 825 1723 eum
840 1683 941 1740 partem
957 1669 1085 1740 occipias,
1103 1686 1164 1720 cum
1179 1665 1279 1720 Salma-

211 1749 352 1812 lliolunus,
363 1749 391 1802 in
402 1759 545 1802 comment.
561 1747 595 1802 de
609 1749 724 1812 ossibus,
765 1750 822 1814 sio,
835 1762 866 1802 ut
881 1749 1030 1815 existimes,
1048 1767 1128 1801 unum
1145 1763 1202 1800 esse
1214 1748 1279 1800 sim·

210 1847 268 1901 cup.
281 1848 326 1895 xr,
343 1847 403 1900 pag.
418 1831 484 1892 484.
497 1829 588 1882 Hsnn.
765 1829 917 1900 plicemque
925 1829 1089 1899 serpentium
1099 1827 1279 1898 lingnam,sed

255 1917 299 1975 ¹4·
313 1908 411 1981 Specuii
416 1910 524 1962 nitorem.
533 1906 623 1960 llnlitu
630 1905 659 1960 id
666 1907 725 1959 lieri
767 1920 843 1961 motu
857 1908 971 1960 tremulo
983 1908 1019 1960 its
1025 1908 1125 1960 vibrari
1134 1920 1166 1959 ut
1175 1908 1280 1979 gemine

211 2006 317 2042 necesse
329 2001 368 2042 est
378 2008 386 2040 s
396 2006 459 2041 nem
472 1987 494 2040 ei
505 1987 627 2060 epirimm
641 1987 725 2040 couti·
767 2000 794 2040 et
807 1987 908 2041 bisulca
914 1987 1046 2040 videatur.
1053 1985 1134 2040 Aliud
1140 1987 1214 2039 enim
1224 2006 1279 2039 nou

212 2086 291 2134 neus,
304 2069 373 2120 nibil
388 2067 441 2122 tsle
455 2068 599 2138 continget.
614 2067 704 2120 Hsnn.
766 2067 847 2120 Plinii
861 2068 948 2120 solum
958 2067 1058 2130 oratio,
1070 2065 1280 2138 Aristotelisque‚

235 2185 239 2200 .
256 2147 300 2201 15.
315 2149 353 2200 Ee
363 2147 531 2200 columbarum.
548 2147 646 2212 Queri
661 2165 725 2216 por·
768 2167 850 2219 equo
861 2147 982 2219 sucepit,
997 2159 1075 2218 utque
1090 2144 1157 2199 adeo
1170 2165 1211 2198 res
1222 2147 1280 2216 ipss

213 2227 439 2294 roibslituue,en
449 2227 555 2280 morsui
564 2227 591 2280 Si
598 2226 726 2298 primum,
767 2228 893 2300 postulat.
908 2229 970 2291 Est,
984 2227 1072 2299 inquit
1084 2226 1281 2296 Philosophus,

212 2325 267 2361 non
283 2326 313 2361 es
324 2305 491 2360 risdentium
503 2321 550 2361 est.
561 2305 588 2359 si
600 2306 724 2372 alterum,
768 2307 837 2360 Hist.
852 2308 940 2360 Anius.
955 2307 1004 2360 lib.
1019 2307 1134 2378 11,cep.
1150 2323 1199 2366 so,
1220 2325 1279 2378 pug.

213 2386 333 2440 continui
346 2387 493 2454 solutione,
506 2406 561 2441 non
577 2385 605 2440 id
618 2387 669 2440 slis
681 2404 726 2440 oc·
771 2407 843 2458 277,
864 2387 955 2458 lingue
981 2387 1143 2456 serpentium
1166 2385 1280 2438 lacerto-

213 2467 283 2522 cultu
297 2467 324 2520 vi
337 2479 477 2538 persguut.
493 2469 586 2520 Hsnn.
769 2485 882 2538 rumque
901 2467 1002 2520 bisulco
1016 2467 1044 2518 iu
1060 2483 1179 2531 summo,
1193 2460 1281 2537 dupin

258 2550 302 2601 16.
318 2547 468 2604 Dictorum,
481 2547 588 2606 L.V11,
603 2544 725 2600 c.15.l·l.
768 2554 870 2618 γλῠττα
891 2548 964 2617 dupu.
980 2543 1032 2600 Sed
1055 2545 1115 2597 fissa
1136 2545 1220 2615 megin
1242 2557 1281 2597 est

258 2644 301 2696 ¹7·
319 2627 514 2698 Erumpentr'bus.
529 2624 600 2679 Vide
619 2624 726 2697 Hippo·
769 2627 950 2698 serpentibus,
973 2637 999 2678 et
1018 2623 1128 2696 quidem
1147 2641 1230 2695 neque
1247 2622 1282 2677 sd

216 2705 294 2759 cretis
307 2705 429 2759 libellum
451 2705 486 2760 de
507 2705 672 2770 dentitione,
693 2704 727 2758 sd
767 2707 885 2777 pilorum
892 2698 1164 2758 tenuitatemtstuibdl
1171 2705 1282 2774 μαλιστα

213 2784 569 2858 culcemtomiVHoperum
580 2784 682 2839 Gnleui.
690 2787 726 2839 ll.
769 2787 790 2840 oi
806 2787 884 2857 ὄφεις,
902 2787 936 2838 τὰ
947 2784 995 2856 γὰρ
1006 2785 1071 2855 stupu
1082 2786 1162 2837 αὐτῶν
1174 2787 1227 2837 ἐστι
1241 2791 1282 2836 λι-

253 2865 339 2918 LXV.
362 2885 386 2919 1.
400 2867 516 2937 Lr'nguoe,
530 2877 581 2920 etc.
604 2866 639 2918 At
657 2865 727 2918 nulli
769 2865 839 2930 πτὰ,
859 2867 925 2937 desp
944 2867 1035 2937 τρίχες.
1048 2862 1121 2917 Vide
1140 2864 1219 2916 etium
1234 2866 1282 2917 Al-

216 2957 302 2998 temen
315 2944 490 2999 animantium
512 2945 617 3018 pinguis
630 2957 678 2998 est.
694 2946 727 2998 Iu
768 2946 892 3012 bertum,
907 2965 988 3018 aquo
998 2947 1054 2999 beo
1066 2943 1218 3016 produntur
1235 2962 1282 2997 ex-

214 3043 247 3078 eo
260 3025 359 3095 puriter
373 3027 545 3080 conveniunt.
564 3023 634 3078 Vide
648 3024 726 3078 Arist.
769 3028 899 3097 pressius,
908 3025 943 3080 de
956 3025 1050 3079 Anius.
1063 3025 1112 3077 lib.
1124 3023 1193 3080 XII,
1205 3035 1281 3077 treet.

215 3123 272 3176 usp.
292 3123 338 3168 ro,
353 3104 442 3175 probl.
462 3125 515 3169 ss,
529 3122 590 3176 pug.
613 3106 677 3176 7²⁵·
691 3105 726 3158 ll.
771 3106 805 3170 3,
816 3124 874 3179 cup.
887 3105 919 3171 5,
934 3125 995 3178 pag.
1011 3105 1067 3174 369
1077 3144 1085 3171 ,
1096 3115 1123 3157 et
1136 3104 1282 3169 Geleuum,

257 3203 283 3238 s.
304 3186 454 3237 Tenuiser'me
474 3184 620 3256 serpentibus
639 3197 664 3236 et
683 3188 727 3237 tri·
770 3184 805 3238 do
813 3187 871 3240 Usu
883 3200 951 3257 pert.
961 3186 1010 3238 lib.
1020 3185 1072 3248 x1‚
1086 3203 1145 3256 esp.
1161 3203 1208 3245 ιο,
1220 3202 1281 3254 psg.

216 3264 291 3318 enee.
313 3263 422 3317 Plsutus
445 3265 474 3318 in
496 3264 615 3318 minerii
629 3283 636 3316 :
652 3290 663 3311 ι
676 3265 728 3318 Fac
773 3265 839 3335 569.
853 3264 1214 3337 ll.-Ergonnllouomine
1225 3264 1283 3316 No·

215 3355 415 3414 proserpentem
427 3343 537 3398 bestium
552 3342 687 3414 duplicem
699 3356 730 3398 nt
770 3360 824 3399 ster
837 3344 1000 3400 excusandus
1019 3363 1050 3397 sc
1067 3344 1145 3414 culpe
1170 3344 1297 3417 liberem

214 3423 327 3476 babeam
354 3422 481 3495 linguam.
495 3450 507 3471 ·
535 3425 566 3476 In
594 3424 727 3476 Poenulo:
771 3424 839 3491 dus,
852 3424 900 3497 qui
922 3426 952 3478 in
976 3427 1048 3478 bunc
1067 3443 1185 3477 errorem
1213 3424 1284 3478 dels-

220 3529 231 3550 ·
243 3503 297 3568 Qui
309 3516 397 3556 nostru
420 3503 512 3558 venisti
528 3504 582 3558 buc
599 3515 729 3558 tentatum
771 3505 859 3565 bitur,
877 3523 957 3576 quem
977 3518 1003 3558 et
1018 3517 1107 3574 poete
1127 3506 1181 3575 jum
1203 3503 1279 3575 luge·

216 3583 339 3654 megalis,
350 3583 568 3656 Bisuloslinguu,
581 3584 657 3656 qussi
669 3602 730 3654 pro·
771 3596 839 3637 runt.
848 3586 917 3637 Num
931 3585 951 3635 si
967 3584 1001 3638 de
1019 3603 1083 3636 vero
1096 3583 1280 3654 inquisitoris,

97 3683 104 3702 ¹
216 3681 324 3734 serpeus
336 3663 429 3716 bestie.
440 3689 452 3712 ι
468 3666 500 3716 Iu
517 3665 612 3718 Persa:
627 3662 728 3716 eTsm·
771 3663 1014 3736 lingusmiurenies
1021 3676 1175 3734 serpentum
1185 3664 1285 3733 generi,

217 3761 298 3815 quem
319 3761 479 3814 proserpens
498 3743 582 3796 bestia
603 3743 728 3814 bilinguis
772 3755 871 3796 utnon
883 3744 1038 3797 Aristoteles
1051 3742 1186 3803 duntsxst,
1200 3741 1284 3794 sedet

217 3835 268 3887 est,
281 3835 307 3876 et
317 3824 449 3878 scelestus.
461 3849 472 3871 ι
489 3824 595 3878 Aristot.
607 3820 729 3894 quidem,
773 3822 862 3878 innuit
876 3824 1003 3889 Plautus,
1025 3825 1053 3876 in
1073 3820 1140 3876 dues
1163 3821 1285 3893 cuspides

217 3899 252 3954 de
267 3915 334 3973 pert
350 3903 552 3966 trintina,
568 3921 625 3973 csp.
639 3902 728 3955 ultim.
772 3901 900 3966 divisum,
923 3922 982 3974 qurs
996 3921 1100 3958 comete
1116 3914 1144 3954 et
1161 3903 1232 3954 leves
1243 3901 1283 3952 ri·

216 3981 346 4036 bisulcum
370 3984 487 4053 linguam
503 3982 669 4054 serpentibus
682 3981 729 4034 tri·
772 3981 877 4037 dentur.
892 3984 982 4036 Potest
996 3999 1198 4036 emmmsnssse
1214 4000 1229 4033 s
1246 4001 1286 4032 ru-

176 4069 179 4079 '
216 4061 290 4127 buit,
303 4063 510 4116 nontrisulcum.
528 4065 679 4124 Dissc.-
692 4064 730 4114 Et
771 4063 913 4134 pidissimu
922 4061 1072 4134 agitationis
1080 4062 1286 4132 frequentias.

219 4142 463 4196 trisulcuBisnlesm
471 4141 727 4214 Philosophusdixit,
813 4139 1287 4212 &laeenubfidcetpiiosuliifidsm
