3200 5159
575 518 728 595 LIBER
754 521 822 593 xl.
1155 530 1231 615 483

165 642 339 729 oculorum
354 644 479 751 effigies
495 656 595 744 inest,
613 656 640 725 si
658 656 731 751 quis
750 666 945 751 protentam
962 651 1117 728 detrahet
1132 682 1236 731 mem·

165 766 315 835 branam.
334 766 379 833 Et
399 765 486 833 inter
509 786 587 833 aves
609 760 820 831 ardeolarum
848 786 990 857 genere,
1017 788 1101 857 quos
1121 763 1233 837 leucos

166 886 309 955 vocant,
329 869 433 939 altero
460 866 560 939 oculo
594 894 708 939 carere
733 853 900 940 tradunt⁶.
924 869 1054 963 Optimi
1084 876 1232 967 augurii,

164 1004 270 1073 quum
288 977 332 1047 nd
349 990 498 1048 austrum
525 974 659 1063 volant,
676 975 990 1071 septemtrionemve
1012 998 1021 1041 ε
1041 975 1124 1046 solvi
1144 982 1232 1050 enim

166 1082 312 1179 pericula
329 1098 362 1152 et
379 1096 487 1152 metus
504 1097 650 1151 narrant.
667 1079 840 1177 Nigidius⁷
858 1106 919 1151 nec
937 1078 1088 1170 locustis,
1102 1108 1165 1154 nec
1183 1088 1234 1156 ei·

166 1191 256 1260 cadis
270 1214 341 1260 esse
356 1188 444 1259 dicit.
459 1188 613 1259 Cochleis
631 1188 805 1260 oculorum
822 1172 950 1257 vicem⁸
969 1188 1137 1259 cornicula
1154 1192 1233 1262 bina

165 1310 363 1392 praetentetu
383 1292 533 1397 implent.
554 1294 626 1365 Neo
644 1294 815 1365 lumbricis
831 1292 890 1362 ulli
909 1308 1007 1378 sunt,
1024 1300 1231 1369 vermiumve

166 1428 313 1580 genIllll.
338 1506 437 1578 Oculi
458 1505 605 1577 homini¹
631 1520 761 1576 tantum
782 1505 915 1576 diverso
943 1505 1082 1577 colore:
1105 1513 1263 1582 oreterisr

165 1672 277 1729 lotidem
290 1672 379 1728 verbis
397 1670 593 1743 Philosophus,
607 1668 678 1723 llist.
721 1681 798 1724 scunt
811 1688 828 1723 s
849 1670 987 1736 latoribus,
1002 1671 1040 1724 itu
1057 1671 1112 1726 duo
1133 1673 1205 1729 oculi
1225 1695 1233 1730 :

165 1755 256 1809 Anim.
269 1754 307 1806 lib
329 1754 356 1819 1,
375 1771 433 1824 erp.
458 1769 491 1821 9,
505 1766 567 1822 pag.
582 1754 635 1821 69,
650 1760 678 1803 et
719 1768 770 1823 neo
786 1748 855 1803 rstio
874 1749 1004 1820 permittit
1020 1751 1054 1803 sb
1075 1770 1131 1807 uno
1152 1755 1235 1810 lutere

164 1828 213 1887 lib.
234 1834 285 1898 Ν,
301 1850 359 1904 esp.
373 1836 409 1896 8,
426 1850 487 1903 pag.
503 1836 570 1900 474.
586 1830 677 1883 lisso.
720 1826 831 1882 iorrnsri
844 1829 951 1883 oculum
967 1847 1068 1896 unum,
1083 1845 1111 1887 et
1129 1850 1184 1887 noo
1200 1837 1235 1890 sb

164 1943 205 1954 -
217 1910 404 1983 Quadrupedem
425 1911 506 1981 talrin
527 1909 614 1962 Oculo
628 1908 678 1961 mi·
720 1908 773 1962 slio
783 1908 877 1961 ulium.
889 1906 992 1961 Plinius
1003 1911 1077 1964 enim
1088 1912 1138 1966 iste
1149 1915 1235 1970 mults

164 1992 238 2046 nimo
261 1992 389 2045 instructu
413 2001 453 2042 est
475 1984 634 2060 utpsquod
649 1988 678 2041 in
721 1986 786 2041 dicit
806 1987 964 2042 furuum:
981 2000 1008 2041 et
1018 1987 1080 2043 ideo
1094 1992 1122 2045 in
1137 1994 1233 2049 talibus

163 2070 264 2125 ueteris
278 2070 453 2124 animantium
464 2066 582 2121 notabile
598 2078 644 2127 est,
655 2066 678 2119 si
719 2086 775 2119 non
799 2079 864 2121 sumt
884 2066 1001 2121 eursnds
1017 2066 1087 2123 diets
1112 2072 1203 2143 ipsius.
1217 2098 1230 2123 ι

163 2152 224 2223 quis
236 2152 336 2205 horum
349 2149 399 2203 sub
413 2146 677 2219 terrndegst.1mmo
719 2146 805 2212 Sine,
819 2146 841 2199 si
865 2147 966 2200 fatuus
982 2148 1138 2220 hujusmodi
1156 2153 1234 2207 nobis

164 2230 301 2301 Stagirites,
316 2229 383 2284 Hist
396 2228 484 2281 Anim.
505 2226 553 2280 lib.
566 2223 596 2290 l,
619 2240 676 2297 usp.
719 2227 869 2290 ortium.
879 2227 902 2281 si
923 2244 1119 2299 responsorem
1138 2232 1233 2285 talium

166 2328 203 2380 93
215 2310 264 2363 lib.
277 2310 326 2374 IV,
340 2327 398 2380 rap.
414 2311 448 2373 8,
466 2302 501 2359 de
512 2322 606 2359 eorum
614 2322 677 2367 ner·
718 2305 817 2360 lsoeret
825 2341 835 2370 ,
850 2306 873 2359 si
896 2319 938 2359 tot
949 2307 1086 2362 mendosis
1109 2328 1234 2382 congere·

163 2408 198 2442 ro
212 2388 302 2461 optino
315 2388 479 2441 mentionem
492 2386 591 2458 injecit.
600 2384 677 2439 Falso
717 2396 768 2439 ret.
780 2384 834 2441 sed
846 2387 907 2457 plus
917 2385 987 2441 vidit
1001 2388 1139 2456 Alterius,
1153 2410 1233 2463 quom

163 2468 246 2540 igitur
265 2480 319 2523 tum
344 2464 464 2521 sbsolute
489 2466 526 2520 sit
547 2469 615 2519 num
629 2482 677 2517 non
718 2464 820 2518 Plinius
840 2464 945 2538 scripsit
963 2480 1108 2542 :quartum
1133 2470 1162 2523 id
1177 2489 1233 2524 esse

162 2561 207 2601 est.
236 2547 399 2619 Dslecempii
419 2564 526 2619 quoque
546 2544 674 2616 derogato
717 2543 856 2598 srdesro'm
869 2544 1057 2617 munirique
1065 2548 1127 2619 quis
1140 2568 1234 2604 mono·

162 2627 244 2683 iidem
267 2640 355 2693 noto,
376 2627 423 2698 qui
449 2626 569 2679 musculo
597 2634 675 2677 curto
717 2625 879 2689 oulntnest,
898 2636 990 2696 putere
1011 2626 1115 2680 isoilius
1129 2628 1232 2684 insidiis

162 2708 307 2763 ruritstem
322 2706 432 2771 tribuit,
447 2724 503 2759 oon
517 2704 599 2774 magis
613 2720 675 2757 sens
716 2716 890 2769 venatorum,
902 2722 953 2758 nee
964 2722 1010 2758 sus
1019 2705 1123 2760 Plinius
1129 2710 1232 2775 retulit,

163 2806 244 2859 quum
254 2788 324 2858 tslps
333 2784 673 2851 caenincaecurienrisnr.
717 2802 769 2837 nso
788 2784 874 2837 aliens
893 2782 957 2837 lide.
978 2785 1071 2840 lisso.

204 2870 231 2921 6.
246 2868 284 2921 Et
299 2869 360 2919 inter
377 2886 446 2930 ores,
463 2865 614 2919 adcolarum
630 2882 675 2933 ge·
758 2882 785 2933 7.
797 2864 966 2933 timum
977 2866 1091 2930 haustu,
1109 2884 1153 2919 nec
1164 2870 1231 2921 cieo·

162 2968 232 3011 rrm,
242 2967 300 3018 quur
309 2948 386 2999 leucos
400 2957 503 3009 uocant,
515 2943 592 2998 aliero
606 2943 675 2997 oculo
716 2944 755 2997 du
770 2963 821 2996 esse
829 2941 898 3006 dicit.
911 2944 1020 2999 Frustra
1033 2958 1073 2999 est
1089 2946 1230 3018 Nigidium

161 3046 243 3080 curere
259 3026 365 3080 tradunt.
376 3024 452 3079 Adeo
467 3025 559 3079 festivo
570 3021 675 3094 lepido·
716 3042 778 3077 nom
792 3036 846 3077 tres
861 3024 933 3077 oculi
954 3024 1045 3077 insunt
1060 3044 1173 3097 querum
1187 3046 1231 3081 or·

161 3126 215 3178 que
237 3104 346 3161 dicendi
368 3122 464 3176 genere
482 3104 599 3158 Plinium
622 3104 675 3157 hoo
715 3103 818 3157 dinatio
844 3102 971 3175 trianguli
995 3104 1111 3175 effigiem
1133 3124 1229 3177 repre·

161 3186 221 3239 loeo
238 3187 323 3259 carpit
332 3185 472 3249 tibertus,
485 3197 515 3237 ut
526 3182 607 3237 verbs
617 3185 675 3255 ejus
716 3196 809 3237 ssnut
823 3184 870 3235 Ar.

161 3267 296 3337 preterire
324 3265 445 3329 silentio,
472 3274 571 3334 teque,
590 3264 674 3315 lector
756 3266 785 3319 8.
800 3261 910 3316 Cocileis
924 3264 1046 3316 oculorum
1060 3265 1229 3319 stomom-

161 3347 280 3417 optime,
295 3363 326 3399 eu
337 3342 460 3398 fraudare
469 3342 620 3414 voluptas,
636 3360 674 3395 re·
714 3343 758 3413 los
771 3361 833 3395 vere
845 3341 935 3395 lerunt
950 3342 979 3396 in
992 3345 1098 3398 coeliles
1114 3358 1230 3400 tentacu-

160 3422 255 3497 ligioni
270 3424 375 3478 dueum.
395 3423 440 3479 sie
459 3423 518 3489 ille,
533 3420 567 3475 de
581 3422 672 3477 inim.
715 3423 803 3476 larum
825 3422 1004 3494 posteriorum
1026 3437 1149 3479 extremo
1166 3444 1229 3499 par·

160 3502 208 3558 lib.
222 3504 330 3565 xxm,
342 3521 402 3575 pag.
420 3506 495 3567 614:
508 3528 520 3552 ι
531 3502 673 3568 Quartum,
716 3515 762 3556 tes
774 3503 823 3555 Ar.

160 3583 264 3655 inquit,
288 3581 428 3638 srdesrum
455 3601 538 3655 genus
560 3582 674 3654 apponit
755 3582 830 3635 Lm.
845 3599 871 3635 r.
890 3581 964 3635 Oculi
980 3582 1077 3635 homini.
1091 3584 1144 3636 Alii
1157 3585 1229 3639 enim

160 3662 264 3717 Plinius
279 3663 470 3727 monoculum,
488 3660 561 3734 quod
587 3678 672 3715 unum
715 3661 802 3727 orosii,
817 3658 949 3726 sliillsvi,
963 3662 1008 3713 alit
1027 3662 1229 3733 nigrinliies·

162 3743 272 3795 oculum
290 3742 354 3797 dicit
369 3743 467 3796 habere
480 3744 507 3797 in
521 3742 602 3797 lutere
617 3760 672 3794 uno
715 3741 796 3813 prini.
811 3740 907 3795 Trstlit
924 3742 981 3794 hoo
995 3743 1075 3796 etism
1090 3742 1230 3800 Aristotel.

161 3834 266 3876 tantum
278 3841 284 3875 :
297 3835 324 3875 et
336 3820 398 3876 ideo
408 3821 510 3875 facilius
526 3821 585 3891 espi
598 3840 615 3874 a
626 3839 673 3874 ve·
716 3820 784 3875 llist.
797 3821 885 3875 tuin.
899 3821 947 3873 lib.
957 3822 985 3886 1,
997 3838 1056 3894 esp.
1068 3840 1170 3894 9,pug.
1181 3842 1230 3894 71.

160 3914 254 3955 nstore
275 3903 301 3955 in
317 3903 399 3956 lstere
413 3920 483 3955 emon
498 3900 605 3955 insidias
624 3918 674 3971 po·
718 3900 791 3966 Quin
805 3913 833 3954 et
845 3902 948 3972 sliquos
956 3902 1046 3955 oaesios
1054 3902 1133 3954 oculo
1146 3902 1230 3957 sltero

160 3994 249 4035 uento.
264 3980 316 4035 sed
327 3981 433 4035 videtur
444 3993 539 4054 prester
552 3994 673 4035 naturam
717 3982 805 4047 nasci,
817 3981 939 4035 rutulius
953 3982 1067 4042 eoloris,
1083 3994 1174 4035 auctor
1194 3995 1233 4036 est

161 4078 232 4127 esse,
246 4073 273 4113 et
284 4060 378 4114 fulsum
387 4101 394 4127 ,
404 4060 477 4133 quod
498 4060 564 4115 dicit
577 4080 583 4115 :
597 4060 671 4115 Siout
717 4060 789 4116 idem
798 4060 983 4133 Philosophus,
989 4060 1024 4114 de
1035 4060 1134 4115 Gener.
1142 4064 1231 4116 Anim.
1281 4099 1284 4106 ‚

160 4140 232 4193 enim
254 4140 302 4195 slis
315 4137 392 4206 dun,
407 4155 432 4196 et
448 4141 503 4195 dno
519 4141 599 4212 pedes
613 4160 671 4195 ore-
715 4140 763 4195 lili.
777 4141 813 4206 V,
827 4159 885 4212 esp.
903 4159 937 4207 r,
962 4160 1022 4213 ρας.
1042 4142 1126 4196 1136.
1140 4142 1233 4197 linnn.

1003 4248 1073 4319 31'
1137 4242 1141 4252 ’
