3200 5159
591 539 745 612 LIBER
769 539 813 608 Χ.
1162 539 1231 633 2'27
1273 604 1275 611 ,

165 685 276 768 paret:
287 671 397 740 cauri
411 670 520 741 hieme
534 670 668 740 abeunt.
684 655 884 741 Distinetio⁶
899 693 1059 764 generum
1073 695 1114 740 ex
1134 670 1235 740 avidi·
1299 699 1307 710 ·

165 793 240 850 tate.
259 775 323 846 Alii
346 801 414 846 non
440 777 561 846 nisiex
581 792 669 846 terra
689 779 826 872 rapiunt
843 801 967 845 avem:
997 774 1052 847 alii
1079 801 1149 847 non
1169 778 1232 846 nisi
1252 804 1265 836 ²

165 887 253 954 circu
266 882 402 952 arbores
420 881 616 953 volitantem
634 904 642 946 :
660 882 715 951 alii
728 883 897 953 sedentem
910 884 946 951 in
964 881 1096 953 sublimi
1110 904 1119 950 t
1133 883 1235 980 aliqui

166 989 333 1060 volantem
353 992 388 1057 in
401 979 662 1084 apertosltaquc
678 1004 712 1058 et
730 990 894 1060 columbae
915 1013 1039 1059 novere
1060 1013 1101 1058 ex
1124 992 1163 1060 iis
1181 1014 1236 1085 pc-

166 1095 284 1182 ricula,
299 1098 436 1190 visoque
451 1094 644 1181 considunt,
665 1093 718 1165 vel
733 1095 925 1181 subvolent,
943 1110 1063 1166 contra
1077 1111 1231 1166 naturam

165 1204 235 1296 ejus
257 1201 451 1272 auxiliantes
475 1201 550 1270 sibi.
574 1204 615 1270 ln
635 1201 742 1272 insula
764 1203 885 1272 Airicae
905 1205 1016 1273 Cerne
1038 1203 1074 1270 in
1095 1206 1232 1272 Oceano

166 1311 340 1404 accipitres
351 1310 451 1377 totius
465 1306 676 1402 Masmsyliae⁷
696 1309 788 1377 humi
807 1309 968 1379 fetificant
981 1332 990 1376 ε
1001 1328 1063 1377 occ
1083 1307 1160 1378 alibi
1179 1333 1234 1378 na·

169 1427 324 1499 scuntur,
350 1413 412 1483 illis
430 1416 550 1484 assueti
569 1415 730 1510 gentibus.
949 1417 954 1428 ’

219 1525 263 1591 X.
279 1524 320 1590 ln
336 1519 601 1615 Thraciaeparte¹
618 1543 717 1616 super
731 1520 960 1616 Amphipolim
973 1520 1232 1616 hominesatque
1255 1539 1265 1574 ¹

168 1629 341 1724 accipitres
363 1629 519 1696 societate
543 1627 685 1724 quadam
712 1641 933 1724 aucupantur.
958 1628 1001 1695 lli
1028 1647 1069 1696 ex
1091 1625 1180 1696 silvis
1199 1640 1236 1696 et

168 1793 332 1865 Philosopho
347 1803 498 1856 censeatur,
516 1789 611 1863 quidni
630 1806 679 1845 ceu
723 1807 806 1844 serso
815 1792 951 1863 regiones,
968 1803 999 1845 ot
1014 1792 1041 1844 in
1055 1792 1152 1863 quinto
1163 1792 1237 1846 dixi·

168 1875 347 1927 sobslternum
360 1889 447 1947 ‘genus
464 1870 600 1943 quoddam
620 1872 679 1924 tue·
724 1887 793 1924 mus.
808 1869 899 1924 llsnn.

168 1957 213 2018 rit,
222 1956 335 2016 lautior,
344 1949 570 2022 quemadmodum
580 1952 680 2004 subtri-
762 1953 797 2003 Χ.
825 1967 849 2005 r.
881 1949 911 2002 In
938 1952 1049 2003 Thracia
1067 1963 1141 2020 porte
1163 1967 1236 2021 snper

168 2035 248 2087 orchc
256 2033 429 2102 ὑποτριόρχης,
439 2031 565 2094 suttune,
578 2029 679 2084 ibidem
722 2031 886 2102 Amphipolim
893 2071 901 2093 ,
916 2042 967 2083 etc.
982 2032 1073 2084 Exstat
1083 2043 1110 2083 et
1122 2029 1151 2082 id
1161 2028 1233 2102 apud

168 2112 342 2165 nominatur?
359 2111 428 2162 Eum
446 2129 501 2165 esse
514 2123 584 2163 certe
598 2127 678 2181 quem
721 2110 835 2164 Aristct
851 2110 922 2162 libro
932 2110 1185 2181 septemdecem.
1198 2111 1234 2164 At

168 2191 496 2254 nostrivocantlmerillcrs,
512 2202 586 2242 exest
599 2189 678 2242 dum·
721 2190 749 2242 in
763 2190 881 2244 Historia
894 2190 1057 2244 Animaliom
1072 2186 1110 2242 sic
1123 2187 1232 2244 scribit:

168 2284 240 2324 taxat
258 2281 322 2323 nota
341 2289 414 2322 nnnc
440 2271 508 2322 effici
535 2269 678 2332 volumus,
721 2267 1101 2339 ὼδὶτῆςθρᾴκηςκαλουμίνῃ
1113 2272 1236 2323 storlht·

169 2365 248 2423 quam
265 2349 370 2403 Plinius
394 2350 486 2413 affert,
507 2347 580 2421 quod
602 2349 677 2401 omni
720 2345 851 2421 opositis,
872 2352 895 2401 lv
914 2358 950 2420 τῷ
967 2352 1016 2403 issi
1032 2348 1167 2420 sapitum
1190 2350 1235 2402 ds·

168 2429 293 2484 videlicet
312 2441 430 2501 tempore
448 2441 579 2500 apparet:
596 2447 679 2499 qrrsn·
720 2430 1024 2500 openetrlibprlttemup
1034 2429 1157 2499 perchaim
1169 2429 1235 2500 ἱερά·

169 2529 248 2582 quam
258 2508 327 2562 etde
336 2507 452 2561 boteone
462 2508 490 2560 id
499 2523 605 2580 quoque
615 2507 679 2560 Phi·
721 2516 779 2562 sih.
791 2511 894 2562 Dino.
905 2539 945 2550 -·
956 2532 968 2555 ι
977 2510 1009 2560 lu
1023 2509 1145 2564 'l'ltrrt‘its
1156 2521 1235 2579 ports

169 2589 295 2662 losophas
302 2601 443 2653 asseverat,
454 2586 553 2642 Hister.
561 2587 677 2640 Animal.
721 2605 804 2660 super
815 2589 1006 2661 Amphipolin,
1022 2589 1145 2642 homines
1153 2601 1235 2660 atque

169 2669 308 2734 imvm,
320 2685 378 2739 oep.
391 2673 423 2731 6,
434 2683 494 2739 pag.
508 2671 574 2724 8¹82.
586 2668 676 2720 Herio.
722 2669 861 2742 accipitres
875 2668 1000 2721 societate
1019 2667 1134 2738 quedem
1150 2682 1235 2722 sucu*

169 2779 209 2794 --
219 2747 361 2822 sptem.,.;
375 2759 483 2817 apparet.
501 2739 589 2801 Credo
606 2747 680 2818 equi·
722 2757 829 2818 pentur.
845 2772 857 2794 ι
872 2737 1045 2800 'semotam
1065 2748 1231 2818 θεῶμαι,

169 2829 230 2882 dem
250 2828 325 2883 rlind
344 2842 443 2880 nomen
458 2827 595 2880 Triorchis
613 2825 679 2902 Epi·
721 2845 776 2880 non
792 2827 949 2898 Amptpotu
961 2828 1068 2898 probet,
1082 2842 1118 2880 ex
1131 2828 1234 2880 Arists-

169 2909 261 2962 leurn':
274 2907 464 2960 Aristotelesin
474 2919 565 2972 causa,
574 2907 621 2977 qui
631 2907 677 2960 lih.
722 2907 780 2960 telis
796 2898 867 2960 libro
882 2922 963 2967 nono,
977 2923 1037 2977 cap.
1049 2906 1097 2968 36,
1115 2907 1154 2959 sic
1168 2925 1233 2978 pro·

169 2987 321 3058 mapsa
332 3025 340 3051 ,
353 2987 390 3040 ait
401 2987 514 3058 Epileon
524 2987 599 3039 omni
612 2999 680 3040 tem-
722 2985 828 3039 dentlst
847 2986 989 3039 c'lhrscin
998 2997 1074 3056 parte
1083 3024 1091 3051 ,
1099 3002 1158 3057 qote
1166 2986 1233 3040 olim

170 3081 237 3140 pote
252 3067 367 3140 adspici',
380 3071 507 3120 'ceterum
520 3067 590 3118 inter
609 3067 680 3120 acci·
723 3065 883 3137 Cedropclis
892 3067 1050 3128 rocrhrmr,
1060 3067 1233 3118 hominm

169 3150 252 3218 pitres
266 3145 379 3218 Epilison
394 3163 426 3200 eo
441 3149 500 3199 loco
515 3157 568 3199 non
587 3163 681 3198 recen·
723 3147 817 3199 cietete
829 3147 986 3216 accipitrum
1002 3161 1052 3217 per
1067 3141 1178 3214 paludes
1189 3161 1234 3198 ru·

170 3235 312 3297 scamno
326 3227 377 3280 hos
388 3237 541 3290 enumerat,
562 3225 607 3278 lib.
625 3225 680 3294 lx,
724 3234 864 3298 cuprntor.
880 3252 892 3272 .
918 3224 972 3278 Sed
999 3233 1086 3296 potest
1112 3225 1234 3278 sustineri

78 3371 83 3386 ¹
170 3325 230 3378 cap.
248 3308 294 3360 ³6.
310 3309 429 3360 crues.
724 3305 898 3376 Amphipolin,
917 3323 950 3357 er
966 3305 1062 3357 eodem
1074 3302 1232 3365 Aristotele,

213 3392 240 3456 6,
261 3387 400 3439 Distiuctio.
414 3387 480 3439 llaec
495 3383 606 3438 totidem
619 3401 681 3436 rer·
724 3378 793 3438 circs
819 3384 996 3454 Amphipolin
1020 3383 1161 3454 configitur
1182 3384 1234 3438 boe

170 3467 212 3519 bis
229 3456 337 3519 Aristot.
359 3466 426 3538 ilict.
448 3465 535 3518 Anim.
557 3463 604 3518 lin.
624 3462 680 3530 IX,
724 3463 860 3517 scribente
881 3465 909 3515 in
926 3463 998 3516 libro
1020 3463 1062 3515 De
1079 3462 1235 3516 admiranda

171 3563 230 3617 cap.
251 3549 303 3616 dvj,
328 3558 395 3616 prg-
409 3547 487 3599 roso.
509 3545 596 3596 Multo
618 3549 681 3596 vero
726 3543 871 3596 auditione.
885 3543 969 3611 Cujus
980 3543 1070 3614 operis
1083 3539 1235 3597 testimonio

172 3619 681 3697 elegantiusctaccurrstiusBudaeuhnc
725 3623 778 3687 uti,
797 3639 847 3676 cur
864 3623 986 3675 vitaverit
1004 3622 1162 3675 liermolans
1179 3639 1236 3675 noa

172 3723 269 3776 genera
282 3704 437 3775 accipitrum
454 3705 637 3776 persequitur,
654 3705 681 3755 in
725 3703 853 3773 intelligo.
883 3703 928 3755 An
958 3701 1032 3774 quod
1058 3702 1238 3772 Theophrasti

172 3786 346 3838 Anootation.
368 3783 404 3838 ad
429 3782 591 3849 Pmdectrs,
621 3801 682 3855 pag.
726 3797 781 3834 non
792 3781 940 3835 Aristotelis
955 3777 1124 3853 potrbetlst
1135 3781 1238 3835 cineret

176 3867 240 3918 ιδ’.
256 3865 346 3917 liano.
727 3861 957 3933 Theophrastum,
979 3873 1041 3914 sont
1059 3861 1134 3914 enim
1159 3877 1238 3932 orgo·

214 3963 240 4012 7.
251 3942 407 4016 Moraesyis'oe.
417 3943 525 3996 Sincera
535 3943 593 3994 hec
604 3943 684 3996 lectio
727 3953 818 3994 menta
835 3958 896 4012 qun
913 3941 1093 4012 Theophrasti
1110 3957 1168 3992 esse
1179 3958 1239 3992 sus·

173 4037 212 4076 est
232 4022 356 4076 codicum
378 4023 499 4075 omniunt
519 4021 594 4075 MSS.
619 4023 684 4094 llcg.
729 4013 1240 4094 deantanuodneutriuseeeduxitt

178 4121 202 4166 r,
215 4125 241 4168 r,
253 4103 332 4157 Colb.
347 4121 372 4167 r,
389 4121 416 4168 a,
430 4103 511 4156 Paris.
528 4099 619 4155 Chilll.
633 4112 683 4155 etc.
729 4113 756 4154 et
770 4101 792 4154 is
808 4119 884 4154 error
899 4113 938 4154 est
952 4099 1156 4157 manifestorios.
1170 4099 1240 4152 Nam

174 4183 221 4235 sbi
240 4183 366 4255 Massylia
378 4183 485 4236 hahent.
501 4181 553 4236 Sed
567 4195 629 4236 sunt
642 4180 685 4234 di·
728 4191 906 4252 preterquam
926 4178 1002 4251 qnod
1019 4176 1127 4241 dicendi
1150 4179 1242 4232 chare·

989 4283 1056 4356 15¹
