3200 5159
286 478 295 494 “
414 481 489 580 570
675 487 715 553 C.
743 484 904 554 PLlNll
932 483 1036 555 ΝΑΤ.
1066 483 1188 551 rust.

410 618 539 686 cunctis
560 615 792 712 preferendus.
812 619 900 687 Nam
919 613 1103 686 Galliarum
1121 639 1222 710 sopor
1247 615 1467 690 medicamenti

412 724 479 792 vim
501 722 638 793 obtinet.
658 726 765 794 Trans
788 724 892 792 maria
907 747 988 791 vero
1010 721 1171 816 bithynus
1181 709 1205 752 ¹⁴
1223 721 1291 791 lere
1312 724 1348 792 in
1373 723 1468 819 glorie

411 843 470 898 est.
483 833 593 900 Inesse
609 828 737 924 pabulis
751 828 871 915 saleni,
883 831 983 898 etium
998 826 1056 896 ubi
1070 853 1138 898 oon
1154 827 1265 912 detur,
1279 830 1324 899 ita
1334 834 1468 902 snnxime

412 933 620 1029 intelligitur,
636 938 727 1006 omni
744 938 779 1006 in
792 934 893 1006 salem
909 959 1005 1004 caseo
1020 949 1210 1004 senescente
1224 961 1232 1003 :
1244 935 1357 1030 quales
1370 937 1467 1008 redire

411 1041 445 1110 in
464 1056 629 1112 musteum
646 1067 815 1137 saporem,
832 1056 927 1111 aceto
943 1055 977 1110 et
994 1039 1110 1134 thymo
1123 1057 1327 1128 maceratos,
1348 1059 1466 1116 certum

411 1161 471 1216 est.
496 1147 646 1218 Tradunt
672 1152 881 1218 zoroastrem
903 1150 937 1216 in
957 1145 1094 1216 desertis
1118 1172 1216 1218 caseo
1237 1149 1358 1218 vixisse
1384 1153 1467 1220 annis

412 1255 544 1349 viginti,
560 1257 604 1324 ita
619 1269 825 1350 temperato,
847 1269 886 1324 ut
898 1267 1098 1324 vetustatem
1117 1278 1185 1324 non
1201 1255 1346 1325 sentiret.

379 1383 390 1418 ι
420 1355 425 1364 ’
463 1363 614 1432 XCVlll
638 1350 779 1454 (xum.)
799 1358 1039 1430 Terrestrium¹
1059 1358 1148 1430 solus
1164 1362 1266 1430 homo
1285 1360 1389 1456 bipes
1409 1365 1468 1432 Uni

407 1465 552 1562 juguli²‚
566 1469 696 1537 humeri
717 1469 867 1538 :caeteris
882 1468 989 1535 armi:
1008 1467 1065 1534 uni
1084 1465 1180 1536 ulnae.
1204 1467 1337 1555 Quibus
1359 1469 1468 1536 anima-

411 1559 509 1642 lium’
523 1599 640 1644 munus
651 1588 745 1658 sunt,
767 1577 857 1644 intus
872 1587 1001 1642 tantum
1019 1596 1166 1643 carnosae
1185 1599 1193 1642 :
1213 1587 1307 1644 extra
1320 1575 1427 1643 nervis
1441 1589 1468 1644 et

412 1693 488 1747 cute
502 1695 666 1750 constant.

360 1821 391 1857 Δι
466 1790 590 1856 XCIX.
606 1789 710 1883 Digiti
731 1783 948 1883 quibusdnm¹
968 1785 1004 1853 in
1025 1784 1178 1855 manibus
1196 1787 1275 1855 seni.
1292 1787 1332 1856 C.
1351 1788 1468 1856 Horatii

410 1969 502 2004 essens
519 1963 545 2004 et
558 1951 706 2006 siccabatur
716 1961 742 2002 et
755 1948 923 2002 colorabatur
965 1946 1127 2000 consternet.
1140 1945 1222 2018 Atqui
1239 1947 1334 2002 avibus
1346 1947 1431 2001 raebis
1444 1962 1468 2000 us

411 2031 496 2084 fumo.
515 2029 676 2091 Columella,
688 2030 757 2092 Vll,
766 2047 825 2100 cap.
838 2030 864 2081 8.
875 2028 923 2080 Est
965 2025 1000 2080 ab
1011 2025 1170 2080 horizontali
1183 2025 1329 2091 recedens,
1346 2028 1467 2082 sietsnes

411 2109 490 2162 etiam
514 2127 567 2162 non
590 2107 689 2180 ingrati
718 2109 818 2180 saporis
834 2108 921 2160 muria
964 2105 1123 2159 horiwutsli
1134 2106 1244 2178 propior
1254 2124 1338 2178 qnasn
1349 2107 1466 2160 verticuli.

411 2187 585 2260 perduratus,
600 2200 678 2258 utque
688 2187 725 2241 ita
738 2187 845 2259 maligni
855 2186 922 2256 ligni
964 2186 989 2238 E
1009 2185 1196 2240 mentualibus
1223 2187 1296 2240 aolus
1324 2198 1412 2258 potest
1434 2187 1468 2240 si·

410 2267 455 2320 vel
463 2266 543 2319 culmi
553 2265 865 2338 lumocolosstus.dpud
874 2265 922 2318 Ul·
965 2263 1022 2317 deri
1043 2265 1119 2337 bipes
1136 2264 1213 2317 simia
1239 2267 1362 2320 famosus
1380 2285 1466 2333 ores(-

308 2383 311 2390 »
410 2346 522 2418 pianum
537 2345 689 2400 Aristoteles
706 2357 812 2408 censet,
831 2363 863 2397 ex
880 2357 922 2398 ts·
964 2360 1071 2413 mig,
1087 2343 1212 2396 omniurn
1226 2345 1469 2417 animantiumpro·

410 2422 923 2478 bernacasearininadittciumalienum
964 2424 1052 2478 ximus
1078 2424 1193 2478 rossinse
1215 2424 1329 2478 bomini.
1358 2425 1417 2490 Qua
1440 2423 1469 2477 sle

410 2502 483 2576 quod
492 2501 615 2574 superius
625 2515 672 2566 est,
681 2503 785 2557 sumum
797 2504 858 2574 jure
867 2521 922 2556 non
964 2523 1104 2559 canutum
1116 2506 1289 2576 congestione
1310 2503 1341 2558 id
1359 2503 1470 2558 humaui·

411 2582 584 2645 iusnsitsi,nisi
599 2582 678 2640 luerit
690 2581 846 2636 nominatim
856 2601 922 2638 eou-
963 2584 1013 2636 tasi
1026 2583 1169 2652 eontigerit
1182 2595 1214 2636 ut
1223 2595 1296 2636 reeta
1315 2595 1388 2648 stet¹
1407 2593 1470 2636 recte

411 2663 499 2716 stituts
514 2661 626 2716 servitus
640 2680 648 2716 ε
661 2663 761 2734 alioqui
774 2663 864 2718 vicino
878 2681 924 2716 ne·
964 2661 1081 2726 incedat,
1090 2661 1161 2716 dicet
1169 2661 1241 2715 inter
1252 2662 1356 2716 multos
1367 2662 1470 2715 selectis·

410 2741 676 2813 gatorisuractiouesu
683 2756 842 2814 competere.
852 2743 924 2794 Dua·
964 2741 1047 2795 sinsus
1061 2749 1176 2801 Cornea.
1189 2745 1236 2813 Ief.
1249 2745 1361 2796 d'Anas.
1371 2761 1469 2810 eom.

411 2837 467 2872 ren.
480 2821 579 2874 Annis.
592 2821 615 2886 1,
628 2838 685 2892 cap.
701 2827 745 2885 st.
761 2819 877 2876 Mustial.
892 2821 922 2872 iu
964 2825 1110 2894 tom.1‚p.
1123 2823 1175 2893 473
1184 2841 1245 2894 sqq.
1253 2822 1300 2876 As.

410 2897 504 2964 Xeniis
514 2917 522 2951 ε
531 2901 609 2953 «Non
618 2917 815 2972 quemcumque
824 2900 923 2964 locum,
1001 2923 1028 2956 s.
1042 2905 1091 2954 Uei
1091 2905 1181 2972 juguli.
1190 2902 1248 2956 soti
1257 2901 1362 2956 bomini
1367 2900 1467 2976 jugulos

312 3038 316 3046 Ι
411 2995 462 3030 uec
485 2979 589 3032 fumum
609 2995 701 3032 cuseos
721 2997 844 3040 omnem,
868 2976 922 3030 Sed
965 3000 998 3036 ex
1015 2981 1090 3035 latini
1103 2983 1234 3036 sermonis
1256 2984 1419 3054 proprietate
1431 2981 1469 3033 tri·

411 3057 600 3112 Velabrensem
616 3057 754 3128 quibibit,
768 3058 813 3110 ille
829 3057 922 3128 sapiu·
964 3060 1076 3115 buitur:
1095 3073 1252 3116 ceterorum
1264 3064 1347 3126 nulli,
1366 3064 1416 3116 nisi
1432 3081 1469 3114 so

411 3136 601 3198 Rriuon.-1v.
619 3155 676 3209 cup.
695 3137 736 3189 15-
751 3137 856 3190 Dat-¹0·
965 3151 1128 3214 ταχρηςιιῦς.
1137 3141 1208 3194 Η.-
1219 3145 1363 3218 Unijirguli.
1373 3142 1469 3213 togata,

450 3222 491 3280 ¹4·
503 3218 627 3282 Bithynus.
643 3217 677 3270 Et
690 3234 705 3268 e
717 3216 836 3288 Bithynis
848 3217 922 3270 Salo·
965 3223 1011 3286 τὰς
1022 3219 1141 3286 midae,
1162 3221 1243 3274 etism
1261 3221 1366 3286 simiis,
1384 3220 1469 3291 salpi,

412 3295 488 3355 nites.
500 3301 568 3368 euple
585 3297 731 3358 interient,
743 3313 758 3346 s
770 3296 923 3366 regioneBi
965 3301 1067 3360 ederis,
1078 3301 1199 3354 moribus
1210 3300 1315 3372 Alpinis
1330 3313 1422 3353 auctos
1430 3317 1469 3351 ne·

412 3375 513 3447 thynin
531 3375 569 3430 sic
582 3375 744 3447 appellatus,
759 3393 821 3445 quas
840 3376 923 3428 δοαω
965 3378 1034 3434 sciit,
1047 3384 1159 3434 Diuo,

412 3455 630 3526 pascuiseeteris
643 3454 775 3520 anteiret,
788 3467 924 3508 uteatsn·
1003 3459 1030 3510 3.
1055 3461 1147 3525 Quibus
1172 3459 1329 3510 mimam.
1352 3456 1470 3520 Bomoi,

412 3545 470 3588 osor
478 3535 584 3596 stabo,
595 3534 640 3588 lib.
650 3534 721 3596 xn,
733 3553 794 3606 pag.
811 3537 872 3589 566.
886 3533 923 3586 fl.
966 3536 1056 3590 simias.
1066 3537 1157 3591 llsan.

448 3613 575 3666 XCVIII.
588 3614 925 3678 1.rmaoi'um‚ete.ltste
1001 3616 1098 3670 XCIX.
1110 3635 1135 3670 1.
1145 3617 1470 3685 &sequendarum

412 3692 580 3748 lietduinus:
593 3691 673 3746 ruodo
687 3710 721 3746 ne
730 3711 764 3746 ex
775 3693 868 3746 alitum
878 3713 924 3765 ge·
967 3709 1018 3752 ete.
1028 3694 1116 3748 Pollex
1123 3697 1134 3762 (
1142 3694 1170 3747 iu
1180 3693 1312 3765 pedibus,
1325 3693 1472 3760 ballucbus)

412 3791 475 3826 nese
489 3771 599 3832 luerint,
626 3784 655 3826 ut
680 3771 829 3844 gallinacei.
856 3774 924 3827 Naro
968 3778 1066 3850 μύγις,
1085 3777 1219 3846 dirim:
1241 3773 1325 3828 index
1342 3771 1470 3832 salutaris,

412 3853 469 3907 bec
476 3853 570 3906 Noster
582 3850 660 3906 aeriis
670 3849 816 3921 (dinsplou)
830 3851 924 3906 volati-
967 3854 1088 3917 deserui<
1097 3895 1105 3919 ‚
1115 3858 1227 3924 λιχανδςε
1243 3852 1349 3906 medios
1360 3850 1469 3908 uenis.

411 3932 484 3986 libus
500 3943 629 3986 accenset.
650 3931 722 3984 Turn
738 3943 814 4002 patet
830 3931 865 3986 de
882 3931 925 3985 bis
968 3954 1074 4008 verpus,
1081 3936 1471 4006 pleseleepiexeeieuysgtsn·

411 4031 561 4068 sermonem
577 4029 633 4066 esse
644 4010 692 4082 qui
704 4009 813 4082 bipedes
826 4031 926 4084 corpus
967 4015 1082 4074 nularis,
1098 4017 1262 4085 παρόμοος,
1282 4010 1469 4071 tantuna:

409 4105 513 4161 peetusu
523 4105 581 4159 ,et‚
593 4105 621 4146 ut
633 4093 724 4158 aiunt,
735 4095 861 4147 verticole
873 4093 924 4146 eir·
968 4095 1107 4159 minimus,
1117 4091 1273 4146 auricularis
1282 4095 1469 4164 'imbuerint
