3200 5159
388 506 461 595 ιιι
661 502 1176 574 criminantium.

387 663 531 733 casuque
547 638 676 719 evenit,
698 662 766 707 non
780 625 795 729 (
812 651 851 705 ut
868 636 969 730 prisci
986 628 1244 725 existimavere)
1260 634 1452 706 madefactis

387 760 551 817 nocturno
566 743 707 811 humore
722 742 789 813 alis.
805 741 910 811 Iidem
925 744 1050 837 quippe
1071 767 1133 812 nec
1147 740 1259 811 volare
1276 767 1332 811 eas
1345 745 1452 811 nocti·

388 852 450 921 bus
474 864 612 946 propter
632 848 756 943 frigora
774 847 1005 917 tradiderunt:
1025 850 1130 943 ignari
1153 849 1250 917 etiam
1270 846 1452 943 longinqua

388 959 492 1027 maria
508 956 550 1024 ab
580 957 618 1025 iis
638 955 787 1039 transiri,
808 956 999 1024 continuata
1014 954 1159 1049 plurium
1178 954 1305 1023 dierum
1330 950 1451 1047 (quod

387 1066 530 1133 maxime
550 1050 733 1154 miremur)
753 1060 842 1129 fame
863 1085 1011 1153 quoque,
1031 1085 1131 1154 quarn
1152 1076 1290 1156 propter
1313 1075 1450 1129 externa

352 1190 367 1247 4
385 1168 507 1265 pabula
525 1182 636 1262 petere
655 1168 771 1236 sciunt.
789 1169 940 1236 Deorum
948 1168 974 1193 ²⁰
992 1167 1049 1234 irae
1068 1168 1170 1261 pestis
1185 1190 1227 1235 ea
1245 1164 1448 1261 intelligitur.

385 1278 539 1369 Namque
560 1288 594 1343 et
609 1272 799 1367 grandiores
817 1287 1017 1357 cernuntur,
1034 1285 1067 1340 et
1080 1286 1173 1341 tanto
1190 1271 1304 1342 volant
1323 1297 1449 1367 penna·

385 1407 460 1451 rum
482 1379 640 1463 stridore,
660 1394 697 1447 ut
710 1378 780 1447 aliae
797 1377 892 1448 alites
909 1376 1112 1447 credantur:
1136 1376 1304 1471 solemque
1330 1379 1449 1447 obum-

385 1488 502 1571 brant,
523 1484 668 1555 sollicitis
688 1484 952 1579 suspectantibus
969 1482 1119 1577 populis,
1139 1507 1182 1552 ne
1203 1509 1278 1553 suas
1296 1487 1449 1579 operiant

385 1609 499 1663 terras.
530 1591 708 1661 Sufficiunt
736 1591 861 1685 quippe
880 1591 986 1673 vires,
1011 1604 1045 1657 et
1072 1604 1240 1684 tamquam
1262 1614 1381 1685 parum
1405 1593 1449 1659 sit

384 1702 488 1769 maria
504 1698 659 1766 transisse
669 1698 865 1781 ,immensos
881 1710 1005 1765 tractus
1017 1695 1352 1792 permeant,diraque
1364 1722 1448 1766 mes-

384 1806 503 1875 sibus²¹
513 1818 695 1897 contegunt
704 1802 811 1888 nube,
826 1799 930 1871 multa
943 1816 1099 1871 contactu
1111 1801 1288 1871 adurentes
1304 1828 1312 1869 ε
1333 1806 1448 1871 omnia

384 1936 464 1981 vero
483 1934 596 1979 morsu
616 1908 789 1977 erodentes
805 1923 839 1975 et
857 1906 945 1976 sores
962 1930 1095 2001 quoque
1118 1921 1295 1976 tectorum.
1315 1907 1446 1977 ltaliam

382 2018 455 2087 cx²²
476 2016 589 2085 Africa
597 2016 738 2083 maxime
756 2028 879 2082 coortae
899 2012 1072 2099 infestant,
1092 2038 1178 2108 saepe
1191 2013 1316 2109 populo
1331 2014 1375 2082 ad
1390 2016 1444 2083 si-

349 2137 363 2191 5
382 2118 504 2220 byllina
519 2134 637 2191 coacto
659 2118 803 2189 remedia
811 2107 837 2147 '³
850 2118 1045 2215 confugere,
1065 2120 1185 2213 inopiae
1204 2134 1303 2189 metu.
1321 2120 1362 2189 In
1378 2123 1445 2215 ey·

421 2406 467 2445 no.
489 2387 626 2443 Deorum...
650 2386 805 2459 intelligitur.
824 2388 890 2441 Lin·
934 2389 962 2441 in
975 2388 1076 2442 deserta
1098 2388 1157 2443 loca
1176 2391 1277 2463 abripi,
1292 2391 1386 2462 ibique
1406 2390 1447 2444 in·

382 2472 465 2526 natira.
471 2471 566 2544 grylliu
576 2474 728 2539 migratorius
738 2468 782 2522 bic
796 2467 892 2521 descri-
935 2470 1023 2522 terire.
1043 2468 1134 2522 Hann.

381 2552 464 2617 bitur,
477 2550 523 2621 qui
534 2548 683 2603 miserrime
694 2549 721 2600 in
734 2546 893 2602 meridiona-
977 2548 1022 2602 23.
1033 2548 1080 2601 Aa
1090 2548 1211 2619 Sibyllina
1228 2562 1312 2601 meto
1329 2551 1444 2604 medii.

382 2630 455 2684 libus
484 2631 599 2700 Europe
622 2628 768 2699 provinciis
793 2627 893 2680 fertiles
936 2628 1026 2693 Quum
1047 2628 1199 2681 insanabilis
1211 2630 1342 2700 pernicies
1356 2630 1446 2701 aliqua

380 2728 457 2781 agros
468 2722 553 2763 vexat.
567 2709 686 2762 Cuma.
936 2709 1059 2776 rempub.
1074 2708 1223 2769 inminet,
1236 2711 1311 2778 cujus
1324 2727 1375 2763 nec
1384 2729 1446 2763 cau·

425 2808 471 2843 nr.
483 2789 593 2859 Diraque
613 2786 732 2839 messibus.
751 2786 819 2839 Nam
838 2786 893 2839 sm·
935 2805 975 2851 aa,
987 2805 1036 2839 nec
1042 2785 1104 2839 finis
1113 2788 1287 2852 inveniretur,
1300 2789 1370 2841 livii
1383 2810 1445 2853 yer-

382 2888 427 2940 gee
439 2868 613 2941 populantur,
631 2879 662 2919 ιιι
681 2884 714 2919 ex
732 2865 811 2917 Livio
829 2883 892 2917 mox
936 2865 978 2918 bie
994 2878 1067 2925 utor.
1088 2884 1104 2919 e
1123 2866 1171 2919 lib.
1183 2868 1219 2932 V,
1233 2886 1293 2938 pag.
1312 2886 1361 2937 91,
1379 2870 1445 2923 libri

382 2947 520 3005 constabit.
535 2946 628 2999 ttnn.
936 2945 1060 3015 Sibyllini
1081 2964 1113 2997 ex
1135 2946 1163 2998 S.
1181 2948 1213 3000 C.
1233 2946 1303 3000 adiri
1314 2948 1444 3003 solebant.

427 3027 592 3090 suhalim,
606 3036 657 3078 etc.
666 3024 726 3077 Liv.
739 3023 786 3076 lib.
798 3022 891 3083 xm,
935 3024 1041 3088 Quibus
1057 3026 1195 3095 inspectis.
1207 3025 1366 3092 decemviri,
1375 3046 1445 3099 quoa

382 3126 410 3178 p.
425 3106 497 3162 ⁵33:
512 3106 799 3158 ubocustarurntrntae
807 3102 892 3156 nubea
934 3121 1015 3172 penes
1040 3104 1137 3158 borum
1166 3106 1297 3159 librorum
1321 3106 1444 3161 custodia

384 3186 479 3240 arnari
493 3197 572 3237 vento
586 3194 698 3256 repente
718 3182 747 3234 in
766 3182 891 3253 Apuliam
935 3183 999 3247 fuir,
1010 3184 1160 3237 reimbant
1170 3204 1229 3255 que
1239 3186 1258 3237 ii
1269 3186 1386 3239 remedia
1397 3186 1445 3241 de·

382 3266 461 3319 illatae
467 3262 747 3329 nunt-,utexaminibue
755 3260 810 3315 ruis
816 3280 892 3332 agros
934 3276 1086 3328 cernerent,
1101 3264 1217 3317 camnine
1232 3265 1390 3337 plerumque
1398 3266 1445 3321 de·

382 3346 435 3399 lete
456 3345 615 3415 operirent:
639 3339 671 3395 ad
690 3360 771 3414 quern
789 3353 891 3410 pestem
934 3342 1040 3412 scripta,
1049 3342 1127 3414 quale
1135 3343 1203 3397 illud
1214 3344 1273 3406 init,
1285 3345 1444 3415 quodidem

381 3424 492 3495 frugum
503 3420 664 3487 tollendam,
676 3434 727 3475 etc.
741 3446 754 3469 ι
765 3420 852 3473 Etiam
862 3421 891 3473 in
933 3421 1027 3473 recitat
1033 3422 1079 3475 lib.
1091 3423 1193 3484 xm.
1203 3442 1232 3495 p·
1248 3423 1300 3487 ³41
1312 3444 1320 3478 ι
1334 3426 1443 3490 ιΟιιιιι-

383 3500 891 3571 GermaniamPoloniamqueinvoleeee,
933 3498 1087 3572 donumque
1103 3501 1187 3555 boetis
1206 3503 1349 3573 alienigena
1364 3517 1442 3558 terrai

384 3584 543 3655 scriptorum
566 3580 722 3634 testimoniis
742 3578 890 3650 compluri-
933 3580 1017 3632 Italiae
1026 3581 1126 3634 bellum
1144 3582 1288 3646 intulisset,
1302 3599 1363 3635 eum
1376 3586 1443 3657 pelli

383 3664 433 3717 baa
448 3662 546 3732 probat
565 3660 680 3731 majolus
693 3658 797 3731 Colloq.
821 3657 847 3723 ⁵,
861 3677 889 3730 p.
934 3659 1010 3712 Italia
1019 3660 1236 3731 vinciquepoaee,
1246 3662 1267 3713 si
1278 3663 1443 3717 Materldoea

385 3738 890 3811 76.Quateranuissingulisquinquier·
932 3739 1087 3793 Pessinunte
1096 3742 1207 3793 Romam
1223 3740 1332 3794 advecta
1344 3755 1439 3798 uret..

368 3822 416 3875 've
425 3818 575 3875 incredibili
585 3819 745 3871 locustarum
759 3818 890 3871 nnbeTe·
932 3817 976 3871 Sic
990 3837 1062 3872 auno
1080 3819 1168 3890 primo
1185 3820 1247 3873 belli
1259 3821 1371 3886 Punici,
1385 3823 1442 3875 Diti

382 3900 510 3953 tedonem
520 3898 591 3952 Asin
604 3896 732 3969 oppidum
741 3915 889 3967 agrumque
931 3897 1004 3949 Patri
1016 3897 1071 3951 ludi
1087 3896 1121 3950 ad
1134 3901 1278 3953 Tarentum
1294 3918 1325 3953 er
1338 3918 1442 3971 prace-

382 3981 581 4050 circumjectum
591 3977 890 4048 obtegi,reiertTarer·
931 3990 979 4047 pto
1002 3977 1132 4031 librorum
1154 3977 1345 4050 Sibyllinorum
1365 3981 1439 4042 facti.

379 4061 480 4119 nerins,
504 4060 629 4119 αιίιὸπτιις
639 4095 647 4122 ,
665 4056 757 4109 Itiner.
773 4069 837 4110 tom.
857 4056 887 4119 1,
931 4054 1025 4108 codem
1044 4057 1175 4111 referente
1194 4059 1223 4111 iu
1236 4060 1361 4129 Epitome
1377 4061 1442 4114 libri

376 4138 426 4193 lib.
441 4140 485 4205 11,
498 4157 556 4210 pag.
571 4138 634 4207 1575
648 4154 690 4189 eas
700 4134 796 4189 deinde
807 4147 887 4189 vento
931 4136 1029 4189 XLIX.
1042 4138 1131 4190 Haeo.
