<?xml version="1.0" encoding="UTF-8"?>
<!DOCTYPE html PUBLIC "-//W3C//DTD XHTML 1.0 Transitional//EN"
    "http://www.w3.org/TR/xhtml1/DTD/xhtml1-transitional.dtd">
<html xmlns="http://www.w3.org/1999/xhtml" xml:lang="en" lang="en">
 <head>
  <title>
</title>
<meta http-equiv="Content-Type" content="text/html;charset=utf-8" />
  <meta name='ocr-system' content='tesseract 3.04.00' />
  <meta name='ocr-capabilities' content='ocr_page ocr_carea ocr_par ocr_line ocrx_word'/>
</head>
<body>
  <div class='ocr_page' id='page_1' title='image "./caiipliniisecun03unkngoog_0563.png"; bbox 0 0 3200 5159; ppageno 0'>
   <div class='ocr_carea' id='block_1_1' title="bbox 548 481 1207 572">
    <p class='ocr_par' dir='ltr' id='par_1_1' title="bbox 548 481 1207 572">
     <span class='ocr_line' id='line_1_1' title="bbox 548 481 1207 572; baseline 0.032 -20"><span class='ocrx_word' id='word_1_1' title='bbox 548 481 708 555; x_wconf 85' lang='lat' dir='ltr'>LIBER</span> <span class='ocrx_word' id='word_1_2' title='bbox 739 491 806 558; x_wconf 87' lang='lat' dir='ltr'><strong>xt.</strong></span> <span class='ocrx_word' id='word_1_3' title='bbox 1136 498 1207 572; x_wconf 77' lang='lat'><strong>561</strong></span> 
     </span>
    </p>
   </div>
   <div class='ocr_carea' id='block_1_2' title="bbox 144 608 1241 937">
    <p class='ocr_par' dir='ltr' id='par_1_2' title="bbox 144 608 1241 937">
     <span class='ocr_line' id='line_1_2' title="bbox 144 608 1212 716; baseline 0.021 -37"><span class='ocrx_word' id='word_1_4' title='bbox 144 610 397 698; x_wconf 84' lang='lat' dir='ltr'><strong>nondesinunt,</strong></span> <span class='ocrx_word' id='word_1_5' title='bbox 413 613 499 682; x_wconf 87' lang='lat' dir='ltr'><strong>siout</strong></span> <span class='ocrx_word' id='word_1_6' title='bbox 513 637 575 684; x_wconf 91' lang='lat' dir='ltr'><strong>nec</strong></span> <span class='ocrx_word' id='word_1_7' title='bbox 590 615 720 686; x_wconf 87' lang='lat' dir='ltr'><strong>feminis</strong></span> <span class='ocrx_word' id='word_1_8' title='bbox 736 643 939 716; x_wconf 86' lang='lat' dir='ltr'><strong>magnopere</strong></span> <span class='ocrx_word' id='word_1_9' title='bbox 947 608 982 692; x_wconf 75' lang='lat'><strong>¹⁵.</strong></span> <span class='ocrx_word' id='word_1_10' title='bbox 999 619 1148 700; x_wconf 84' lang='lat' dir='ltr'><strong>Inventae</strong></span> <span class='ocrx_word' id='word_1_11' title='bbox 1163 646 1212 700; x_wconf 87' lang='lat' dir='ltr'><strong>ta·</strong></span> 
     </span>
     <span class='ocr_line' id='line_1_3' title="bbox 145 702 1241 831; baseline 0.023 -47"><span class='ocrx_word' id='word_1_12' title='bbox 145 742 221 786; x_wconf 86' lang='lat' dir='ltr'><strong>men</strong></span> <span class='ocrx_word' id='word_1_13' title='bbox 231 702 254 741; x_wconf 83' lang='lat'><strong>¹⁶</strong></span> <span class='ocrx_word' id='word_1_14' title='bbox 269 717 419 812; x_wconf 83' lang='lat' dir='ltr'><strong>quaedam</strong></span> <span class='ocrx_word' id='word_1_15' title='bbox 431 717 576 790; x_wconf 79' lang='lat' dir='ltr'><strong>defluvio</strong></span> <span class='ocrx_word' id='word_1_16' title='bbox 595 725 710 817; x_wconf 80' lang='lat' dir='ltr'><strong>cupitis</strong></span> <span class='ocrx_word' id='word_1_17' title='bbox 727 725 900 798; x_wconf 68' lang='lat' dir='ltr'><strong>invalidae:</strong></span> <span class='ocrx_word' id='word_1_18' title='bbox 918 745 955 799; x_wconf 88' lang='lat' dir='ltr'><strong>ut</strong></span> <span class='ocrx_word' id='word_1_19' title='bbox 966 746 1000 800; x_wconf 87' lang='lat' dir='ltr'><strong>et</strong></span> <span class='ocrx_word' id='word_1_20' title='bbox 1008 731 1031 772; x_wconf 86' lang='lat'><strong>¹⁷</strong></span> <span class='ocrx_word' id='word_1_21' title='bbox 1043 725 1212 831; x_wconf 82' lang='lat' dir='ltr'><strong>lanugines</strong></span> <span class='ocrx_word' id='word_1_22' title='bbox 1238 762 1241 769; x_wconf 75' lang='grc'><em>’</em></span> 
     </span>
     <span class='ocr_line' id='line_1_4' title="bbox 145 825 1213 937; baseline 0.021 -47"><span class='ocrx_word' id='word_1_23' title='bbox 145 825 229 910; x_wconf 89' lang='lat' dir='ltr'><strong>oris,</strong></span> <span class='ocrx_word' id='word_1_24' title='bbox 238 847 341 919; x_wconf 89' lang='lat' dir='ltr'><strong>quum</strong></span> <span class='ocrx_word' id='word_1_25' title='bbox 351 827 510 895; x_wconf 81' lang='lat' dir='ltr'><strong>menstrui</strong></span> <span class='ocrx_word' id='word_1_26' title='bbox 519 851 635 898; x_wconf 89' lang='lat' dir='ltr'><strong>cursus</strong></span> <span class='ocrx_word' id='word_1_27' title='bbox 647 834 992 923; x_wconf 87' lang='lat' dir='ltr'><strong>stetere.Quibusdam</strong></span> <span class='ocrx_word' id='word_1_28' title='bbox 1002 828 1104 933; x_wconf 80' lang='lat' dir='ltr'><strong>post¹⁸</strong></span> <span class='ocrx_word' id='word_1_29' title='bbox 1112 846 1213 937; x_wconf 85' lang='lat' dir='ltr'><strong>geniti</strong></span> 
     </span>
    </p>
   </div>
   <div class='ocr_carea' id='block_1_3' title="bbox 143 1083 1268 4009">
    <p class='ocr_par' dir='ltr' id='par_1_3' title="bbox 143 1083 1215 1721">
     <span class='ocr_line' id='line_1_5' title="bbox 144 1083 1214 1165; baseline 0.02 -28"><span class='ocrx_word' id='word_1_30' title='bbox 144 1083 514 1160; x_wconf 69' lang='lat' dir='ltr'><strong>pebrerumAEoeetrtetunon</strong></span> <span class='ocrx_word' id='word_1_31' title='bbox 523 1086 658 1152; x_wconf 72' lang='lat' dir='ltr'><strong>desinere,</strong></span> <span class='ocrx_word' id='word_1_32' title='bbox 702 1090 809 1162; x_wconf 88' lang='lat' dir='ltr'><strong>periore</strong></span> <span class='ocrx_word' id='word_1_33' title='bbox 823 1112 899 1165; x_wconf 70' lang='lat' dir='ltr'><strong>peon</strong></span> <span class='ocrx_word' id='word_1_34' title='bbox 911 1096 945 1149; x_wconf 78' lang='lat' dir='ltr'><strong>eit</strong></span> <span class='ocrx_word' id='word_1_35' title='bbox 961 1096 1105 1157; x_wconf 73' lang='lat' dir='ltr'><strong>absorberi.</strong></span> <span class='ocrx_word' id='word_1_36' title='bbox 1120 1101 1214 1158; x_wconf 74' lang='lat' dir='ltr'><strong>Audon</strong></span> 
     </span>
     <span class='ocr_line' id='line_1_6' title="bbox 145 1163 1215 1248; baseline 0.02 -32"><span class='ocrx_word' id='word_1_37' title='bbox 145 1163 239 1235; x_wconf 86' lang='lat' dir='ltr'><strong>procul</strong></span> <span class='ocrx_word' id='word_1_38' title='bbox 258 1181 272 1216; x_wconf 90' lang='lat' dir='ltr'><strong>n</strong></span> <span class='ocrx_word' id='word_1_39' title='bbox 292 1182 354 1216; x_wconf 82' lang='lat' dir='ltr'><strong>vero</strong></span> <span class='ocrx_word' id='word_1_40' title='bbox 373 1177 421 1218; x_wconf 82' lang='lat' dir='ltr'><strong>eet.</strong></span> <span class='ocrx_word' id='word_1_41' title='bbox 440 1165 565 1238; x_wconf 76' lang='lat' dir='ltr'>Sequitur</span> <span class='ocrx_word' id='word_1_42' title='bbox 584 1169 657 1221; x_wconf 88' lang='lat' dir='ltr'><strong>euim</strong></span> <span class='ocrx_word' id='word_1_43' title='bbox 703 1169 821 1226; x_wconf 69' lang='lat' dir='ltr'><strong>toronis</strong></span> <span class='ocrx_word' id='word_1_44' title='bbox 838 1175 991 1231; x_wconf 71' lang='lat' dir='ltr'><strong>emendatio</strong></span> <span class='ocrx_word' id='word_1_45' title='bbox 1008 1175 1143 1248; x_wconf 79' lang='lat' dir='ltr'><strong>videntur,</strong></span> <span class='ocrx_word' id='word_1_46' title='bbox 1163 1185 1215 1237; x_wconf 79' lang='lat' dir='ltr'><strong>nisi</strong></span> 
     </span>
     <span class='ocr_line' id='line_1_7' title="bbox 143 1241 1214 1332; baseline 0.021 -36"><span class='ocrx_word' id='word_1_47' title='bbox 143 1241 218 1296; x_wconf 84' lang='lat' dir='ltr'><strong>houd</strong></span> <span class='ocrx_word' id='word_1_48' title='bbox 230 1243 313 1295; x_wconf 88' lang='lat' dir='ltr'><strong>multo</strong></span> <span class='ocrx_word' id='word_1_49' title='bbox 327 1255 400 1314; x_wconf 82' lang='lat' dir='ltr'><strong>post,</strong></span> <span class='ocrx_word' id='word_1_50' title='bbox 413 1247 558 1298; x_wconf 76' lang='lat' dir='ltr'><strong>Libidinosis</strong></span> <span class='ocrx_word' id='word_1_51' title='bbox 571 1267 659 1316; x_wconf 82' lang='lat' dir='ltr'><strong>conge·</strong></span> <span class='ocrx_word' id='word_1_52' title='bbox 702 1249 785 1320; x_wconf 70' lang='lat' dir='ltr'><strong>ipsius</strong></span> <span class='ocrx_word' id='word_1_53' title='bbox 795 1249 948 1326; x_wconf 71' lang='lat' dir='ltr'><strong>Philosophi</strong></span> <span class='ocrx_word' id='word_1_54' title='bbox 959 1259 1056 1325; x_wconf 77' lang='lat' dir='ltr'><strong>verbio,</strong></span> <span class='ocrx_word' id='word_1_55' title='bbox 1064 1262 1111 1332; x_wconf 88' lang='lat' dir='ltr'><strong>qui</strong></span> <span class='ocrx_word' id='word_1_56' title='bbox 1120 1264 1214 1318; x_wconf 72' lang='lat' dir='ltr'><strong>similia</strong></span> 
     </span>
     <span class='ocr_line' id='line_1_8' title="bbox 146 1323 1212 1397; baseline 0.023 -25"><span class='ocrx_word' id='word_1_57' title='bbox 146 1323 659 1396; x_wconf 78' lang='lat' dir='ltr'><strong>nieinnturiusdeflnnne;quodetipourn,</strong></span> <span class='ocrx_word' id='word_1_58' title='bbox 703 1325 1212 1397; x_wconf 73' lang='lat' dir='ltr'><strong>trudit,contextnecoonciunntnloret:</strong></span> 
     </span>
     <span class='ocr_line' id='line_1_9' title="bbox 145 1401 1214 1491; baseline 0.014 -37"><span class='ocrx_word' id='word_1_59' title='bbox 145 1413 176 1454; x_wconf 92' lang='lat' dir='ltr'><strong>ut</strong></span> <span class='ocrx_word' id='word_1_60' title='bbox 190 1401 292 1473; x_wconf 80' lang='lat' dir='ltr'><strong>reliquo</strong></span> <span class='ocrx_word' id='word_1_61' title='bbox 304 1421 389 1474; x_wconf 86' lang='lat' dir='ltr'><strong>prope</strong></span> <span class='ocrx_word' id='word_1_62' title='bbox 400 1403 505 1469; x_wconf 81' lang='lat' dir='ltr'><strong>omniu,</strong></span> <span class='ocrx_word' id='word_1_63' title='bbox 517 1404 550 1456; x_wconf 81' lang='lat' dir='ltr'><strong>nb</strong></span> <span class='ocrx_word' id='word_1_64' title='bbox 561 1405 660 1457; x_wconf 75' lang='lat' dir='ltr'><strong>Aristo·</strong></span> <span class='ocrx_word' id='word_1_65' title='bbox 702 1407 735 1460; x_wconf 80' lang='lat' dir='ltr'><strong>Al</strong></span> <span class='ocrx_word' id='word_1_66' title='bbox 748 1405 778 1461; x_wconf 79' lang='lat' dir='ltr'><strong>&lt;li</strong></span> <span class='ocrx_word' id='word_1_67' title='bbox 793 1412 820 1462; x_wconf 75' lang='lat' dir='ltr'><strong>in</strong></span> <span class='ocrx_word' id='word_1_68' title='bbox 831 1421 930 1481; x_wconf 74' lang='grc' dir='ltr'><strong>γινιτῆς</strong></span> <span class='ocrx_word' id='word_1_69' title='bbox 942 1418 1039 1486; x_wconf 63' lang='grc' dir='ltr'><strong>έρίχις,</strong></span> <span class='ocrx_word' id='word_1_70' title='bbox 1050 1419 1137 1491; x_wconf 83' lang='lat' dir='ltr'><strong>inquit</strong></span> <span class='ocrx_word' id='word_1_71' title='bbox 1148 1422 1214 1474; x_wconf 60' lang='lat' dir='ltr'><strong>Hier.</strong></span> 
     </span>
     <span class='ocr_line' id='line_1_10' title="bbox 146 1482 1214 1570; baseline 0.014 -38"><span class='ocrx_word' id='word_1_72' title='bbox 146 1482 198 1535; x_wconf 84' lang='lat' dir='ltr'><strong>telo</strong></span> <span class='ocrx_word' id='word_1_73' title='bbox 210 1492 346 1534; x_wconf 74' lang='lat' dir='ltr'><strong>mutuatus</strong></span> <span class='ocrx_word' id='word_1_74' title='bbox 356 1494 404 1536; x_wconf 72' lang='lat' dir='ltr'><strong>oet.</strong></span> <span class='ocrx_word' id='word_1_75' title='bbox 413 1484 459 1536; x_wconf 77' lang='lat' dir='ltr'><strong>Est</strong></span> <span class='ocrx_word' id='word_1_76' title='bbox 470 1483 552 1554; x_wconf 84' lang='lat' dir='ltr'><strong>igitur</strong></span> <span class='ocrx_word' id='word_1_77' title='bbox 561 1487 657 1546; x_wconf 81' lang='lat' dir='ltr'><strong>desum,</strong></span> <span class='ocrx_word' id='word_1_78' title='bbox 703 1482 793 1537; x_wconf 75' lang='lat' dir='ltr'><strong>Auim.</strong></span> <span class='ocrx_word' id='word_1_79' title='bbox 808 1485 856 1540; x_wconf 90' lang='lat' dir='ltr'><strong>lib.</strong></span> <span class='ocrx_word' id='word_1_80' title='bbox 870 1489 926 1555; x_wconf 84' lang='lat' dir='ltr'><strong>lX,</strong></span> <span class='ocrx_word' id='word_1_81' title='bbox 940 1509 1000 1564; x_wconf 80' lang='lat' dir='ltr'><strong>cop.</strong></span> <span class='ocrx_word' id='word_1_82' title='bbox 1014 1514 1067 1565; x_wconf 86' lang='lat'><strong>79,</strong></span> <span class='ocrx_word' id='word_1_83' title='bbox 1085 1516 1112 1568; x_wconf 86' lang='lat' dir='ltr'><strong>p.</strong></span> <span class='ocrx_word' id='word_1_84' title='bbox 1129 1502 1214 1570; x_wconf 84' lang='lat'>1173,</span> 
     </span>
     <span class='ocr_line' id='line_1_11' title="bbox 145 1561 1214 1651; baseline 0.017 -38"><span class='ocrx_word' id='word_1_85' title='bbox 145 1579 201 1613; x_wconf 88' lang='lat' dir='ltr'><strong>uon</strong></span> <span class='ocrx_word' id='word_1_86' title='bbox 223 1563 355 1628; x_wconf 81' lang='lat' dir='ltr'><strong>desinunt,</strong></span> <span class='ocrx_word' id='word_1_87' title='bbox 380 1561 548 1633; x_wconf 68' lang='lat' dir='ltr'><strong>legendum</strong></span> <span class='ocrx_word' id='word_1_88' title='bbox 570 1574 602 1615; x_wconf 84' lang='lat' dir='ltr'><strong>ut</strong></span> <span class='ocrx_word' id='word_1_89' title='bbox 625 1563 659 1618; x_wconf 82' lang='lat' dir='ltr'><strong>eit</strong></span> <span class='ocrx_word' id='word_1_90' title='bbox 704 1567 747 1618; x_wconf 77' lang='grc' dir='ltr'><strong>οὐκ</strong></span> <span class='ocrx_word' id='word_1_91' title='bbox 761 1567 950 1624; x_wconf 70' lang='grc' dir='ltr'>ἀπολείπουσιν·</span> <span class='ocrx_word' id='word_1_92' title='bbox 963 1573 1042 1638; x_wconf 65' lang='lat' dir='ltr'><strong>atlete</strong></span> <span class='ocrx_word' id='word_1_93' title='bbox 1055 1578 1102 1650; x_wconf 77' lang='grc' dir='ltr'><strong>γὰρ</strong></span> <span class='ocrx_word' id='word_1_94' title='bbox 1118 1584 1214 1651; x_wconf 64' lang='lat' dir='ltr'><strong>pimeni</strong></span> 
     </span>
     <span class='ocr_line' id='line_1_12' title="bbox 146 1639 1064 1721; baseline 0.014 -30"><span class='ocrx_word' id='word_1_95' title='bbox 146 1657 247 1702; x_wconf 75' lang='lat' dir='ltr'><strong>sensus,</strong></span> <span class='ocrx_word' id='word_1_96' title='bbox 256 1639 283 1692; x_wconf 88' lang='lat' dir='ltr'><strong>in</strong></span> <span class='ocrx_word' id='word_1_97' title='bbox 290 1651 351 1692; x_wconf 88' lang='lat' dir='ltr'><strong>ortu</strong></span> <span class='ocrx_word' id='word_1_98' title='bbox 357 1640 512 1713; x_wconf 71' lang='lat' dir='ltr'><strong>congenitos</strong></span> <span class='ocrx_word' id='word_1_99' title='bbox 521 1659 659 1714; x_wconf 77' lang='lat' dir='ltr'><strong>nunquam</strong></span> <span class='ocrx_word' id='word_1_100' title='bbox 704 1646 814 1715; x_wconf 74' lang='grc' dir='ltr'>ιύνοῦχος</span> <span class='ocrx_word' id='word_1_101' title='bbox 828 1653 957 1721; x_wconf 67' lang='grc' dir='ltr'><strong>φαλακρός.</strong></span> <span class='ocrx_word' id='word_1_102' title='bbox 971 1651 1064 1707; x_wconf 76' lang='lat' dir='ltr'><strong>Hrnu.</strong></span> 
     </span>
    </p>

    <p class='ocr_par' dir='ltr' id='par_1_4' title="bbox 143 1717 1268 2978">
     <span class='ocr_line' id='line_1_13' title="bbox 145 1717 1215 1806; baseline 0.02 -36"><span class='ocrx_word' id='word_1_103' title='bbox 145 1717 252 1782; x_wconf 66' lang='lat' dir='ltr'><strong>deeeseg</strong></span> <span class='ocrx_word' id='word_1_104' title='bbox 265 1731 292 1770; x_wconf 85' lang='lat' dir='ltr'><strong>nt</strong></span> <span class='ocrx_word' id='word_1_105' title='bbox 300 1732 362 1789; x_wconf 78' lang='lat' dir='ltr'><strong>pout</strong></span> <span class='ocrx_word' id='word_1_106' title='bbox 372 1721 473 1792; x_wconf 79' lang='lat' dir='ltr'><strong>genitor</strong></span> <span class='ocrx_word' id='word_1_107' title='bbox 482 1719 585 1774; x_wconf 73' lang='lat' dir='ltr'><strong>deesse:</strong></span> <span class='ocrx_word' id='word_1_108' title='bbox 595 1740 659 1775; x_wconf 81' lang='lat' dir='ltr'><strong>num</strong></span> <span class='ocrx_word' id='word_1_109' title='bbox 742 1725 782 1777; x_wconf 81' lang='lat'><strong>15.</strong></span> <span class='ocrx_word' id='word_1_110' title='bbox 794 1729 864 1776; x_wconf 79' lang='lat' dir='ltr'><strong>Siout</strong></span> <span class='ocrx_word' id='word_1_111' title='bbox 878 1747 925 1779; x_wconf 79' lang='lat' dir='ltr'><strong>nee</strong></span> <span class='ocrx_word' id='word_1_112' title='bbox 937 1731 1042 1794; x_wconf 79' lang='lat' dir='ltr'><strong>feminis</strong></span> <span class='ocrx_word' id='word_1_113' title='bbox 1055 1755 1215 1806; x_wconf 74' lang='lat' dir='ltr'><em>magnopere.</em></span> 
     </span>
     <span class='ocr_line' id='line_1_14' title="bbox 144 1795 1214 1889; baseline 0.021 -39"><span class='ocrx_word' id='word_1_114' title='bbox 144 1795 189 1850; x_wconf 79' lang='lat' dir='ltr'><strong>bio</strong></span> <span class='ocrx_word' id='word_1_115' title='bbox 211 1797 259 1869; x_wconf 87' lang='lat' dir='ltr'><strong>qui</strong></span> <span class='ocrx_word' id='word_1_116' title='bbox 281 1812 343 1852; x_wconf 80' lang='lat' dir='ltr'><strong>unte</strong></span> <span class='ocrx_word' id='word_1_117' title='bbox 365 1800 529 1870; x_wconf 73' lang='lat' dir='ltr'><strong>pubertatem</strong></span> <span class='ocrx_word' id='word_1_118' title='bbox 553 1801 658 1854; x_wconf 79' lang='lat' dir='ltr'><strong>castrati</strong></span> <span class='ocrx_word' id='word_1_119' title='bbox 702 1801 791 1856; x_wconf 72' lang='lat' dir='ltr'><strong>Locus</strong></span> <span class='ocrx_word' id='word_1_120' title='bbox 809 1816 850 1857; x_wconf 77' lang='lat' dir='ltr'><strong>eet</strong></span> <span class='ocrx_word' id='word_1_121' title='bbox 863 1805 1031 1874; x_wconf 75' lang='lat' dir='ltr'><strong>dimidietur,</strong></span> <span class='ocrx_word' id='word_1_122' title='bbox 1044 1815 1214 1889; x_wconf 80' lang='lat' dir='ltr'><strong>mutilusque.</strong></span> 
     </span>
     <span class='ocr_line' id='line_1_15' title="bbox 144 1879 1216 1966; baseline 0.018 -37"><span class='ocrx_word' id='word_1_123' title='bbox 144 1889 224 1943; x_wconf 83' lang='lat' dir='ltr'><strong>nunt,</strong></span> <span class='ocrx_word' id='word_1_124' title='bbox 240 1895 295 1930; x_wconf 87' lang='lat' dir='ltr'><strong>nou</strong></span> <span class='ocrx_word' id='word_1_125' title='bbox 309 1892 428 1945; x_wconf 83' lang='lat' dir='ltr'><strong>exeunt,</strong></span> <span class='ocrx_word' id='word_1_126' title='bbox 445 1891 471 1932; x_wconf 90' lang='lat' dir='ltr'><strong>et</strong></span> <span class='ocrx_word' id='word_1_127' title='bbox 488 1891 545 1950; x_wconf 78' lang='lat' dir='ltr'><strong>post</strong></span> <span class='ocrx_word' id='word_1_128' title='bbox 561 1881 657 1952; x_wconf 87' lang='lat' dir='ltr'><strong>pubet·-</strong></span> <span class='ocrx_word' id='word_1_129' title='bbox 701 1879 769 1934; x_wconf 78' lang='lat' dir='ltr'><strong>Nutu</strong></span> <span class='ocrx_word' id='word_1_130' title='bbox 793 1886 840 1950; x_wconf 86' lang='lat' dir='ltr'><strong>(nt</strong></span> <span class='ocrx_word' id='word_1_131' title='bbox 858 1890 941 1957; x_wconf 89' lang='lat' dir='ltr'><strong>puto)</strong></span> <span class='ocrx_word' id='word_1_132' title='bbox 963 1887 1067 1945; x_wconf 77' lang='lat' dir='ltr'><strong>Ptinim</strong></span> <span class='ocrx_word' id='word_1_133' title='bbox 1086 1894 1216 1966; x_wconf 77' lang='lat' dir='ltr'><strong>scriptum</strong></span> 
     </span>
     <span class='ocr_line' id='line_1_16' title="bbox 144 1957 1215 2043; baseline 0.02 -36"><span class='ocrx_word' id='word_1_134' title='bbox 144 1968 228 2010; x_wconf 78' lang='lat' dir='ltr'><strong>tutem</strong></span> <span class='ocrx_word' id='word_1_135' title='bbox 249 1957 341 2010; x_wconf 75' lang='lat' dir='ltr'><strong>excisis</strong></span> <span class='ocrx_word' id='word_1_136' title='bbox 359 1959 410 2011; x_wconf 77' lang='lat' dir='ltr'><strong>soli</strong></span> <span class='ocrx_word' id='word_1_137' title='bbox 429 1957 572 2023; x_wconf 86' lang='lat' dir='ltr'><strong>decidunt,</strong></span> <span class='ocrx_word' id='word_1_138' title='bbox 588 1973 657 2031; x_wconf 77' lang='lat' dir='ltr'><strong>prte-</strong></span> <span class='ocrx_word' id='word_1_139' title='bbox 700 1959 828 2032; x_wconf 72' lang='lat' dir='ltr'><strong>reliquitr</strong></span> <span class='ocrx_word' id='word_1_140' title='bbox 842 1964 1045 2037; x_wconf 79' lang='lat' dir='ltr'><strong>«spadonibus,</strong></span> <span class='ocrx_word' id='word_1_141' title='bbox 1055 1974 1146 2043; x_wconf 70' lang='lat' dir='ltr'><strong>pueris</strong></span> <span class='ocrx_word' id='word_1_142' title='bbox 1159 1994 1215 2028; x_wconf 88' lang='lat' dir='ltr'><strong>non</strong></span> 
     </span>
     <span class='ocr_line' id='line_1_17' title="bbox 144 2037 1215 2121; baseline 0.017 -36"><span class='ocrx_word' id='word_1_143' title='bbox 144 2046 266 2107; x_wconf 85' lang='lat' dir='ltr'><strong>terquam</strong></span> <span class='ocrx_word' id='word_1_144' title='bbox 285 2037 372 2108; x_wconf 80' lang='lat' dir='ltr'><strong>pnbie.</strong></span> <span class='ocrx_word' id='word_1_145' title='bbox 392 2038 425 2090; x_wconf 87' lang='lat' dir='ltr'><strong>Et</strong></span> <span class='ocrx_word' id='word_1_146' title='bbox 445 2039 504 2091; x_wconf 83' lang='lat' dir='ltr'><strong>lieri</strong></span> <span class='ocrx_word' id='word_1_147' title='bbox 522 2050 607 2110; x_wconf 82' lang='lat' dir='ltr'><strong>potest</strong></span> <span class='ocrx_word' id='word_1_148' title='bbox 627 2053 658 2092; x_wconf 89' lang='lat' dir='ltr'><strong>ut</strong></span> <span class='ocrx_word' id='word_1_149' title='bbox 701 2037 800 2092; x_wconf 84' lang='lat' dir='ltr'><strong>cadunt</strong></span> <span class='ocrx_word' id='word_1_150' title='bbox 822 2041 885 2112; x_wconf 86' lang='lat' dir='ltr'><strong>pili,</strong></span> <span class='ocrx_word' id='word_1_151' title='bbox 906 2045 984 2098; x_wconf 70' lang='lat' dir='ltr'><strong>sicuti</strong></span> <span class='ocrx_word' id='word_1_152' title='bbox 1001 2065 1090 2121; x_wconf 79' lang='lat' dir='ltr'><strong>neque</strong></span> <span class='ocrx_word' id='word_1_153' title='bbox 1108 2053 1215 2107; x_wconf 71' lang='lat' dir='ltr'><strong>femini·</strong></span> 
     </span>
     <span class='ocr_line' id='line_1_18' title="bbox 145 2115 1214 2192; baseline 0.008 -25"><span class='ocrx_word' id='word_1_154' title='bbox 145 2115 239 2175; x_wconf 80' lang='lat' dir='ltr'><strong>homo.</strong></span> <span class='ocrx_word' id='word_1_155' title='bbox 249 2126 306 2166; x_wconf 90' lang='lat' dir='ltr'><strong>tum</strong></span> <span class='ocrx_word' id='word_1_156' title='bbox 317 2133 380 2182; x_wconf 81' lang='lat' dir='ltr'><strong>ture,</strong></span> <span class='ocrx_word' id='word_1_157' title='bbox 390 2129 447 2169; x_wconf 91' lang='lat' dir='ltr'><strong>tum</strong></span> <span class='ocrx_word' id='word_1_158' title='bbox 458 2118 538 2171; x_wconf 78' lang='lat' dir='ltr'><strong>etiam</strong></span> <span class='ocrx_word' id='word_1_159' title='bbox 551 2117 656 2181; x_wconf 78' lang='lat' dir='ltr'><strong>semina,</strong></span> <span class='ocrx_word' id='word_1_160' title='bbox 700 2136 900 2192; x_wconf 79' lang='lat' dir='ltr'><strong>magnopere.»</strong></span> <span class='ocrx_word' id='word_1_161' title='bbox 922 2125 958 2177; x_wconf 80' lang='lat' dir='ltr'><strong>Et</strong></span> <span class='ocrx_word' id='word_1_162' title='bbox 980 2145 1015 2180; x_wconf 80' lang='lat' dir='ltr'><strong>ex</strong></span> <span class='ocrx_word' id='word_1_163' title='bbox 1035 2129 1131 2184; x_wconf 84' lang='lat' dir='ltr'><strong>eodem</strong></span> <span class='ocrx_word' id='word_1_164' title='bbox 1153 2134 1214 2186; x_wconf 68' lang='lat' dir='ltr'><strong>Ari.</strong></span> 
     </span>
     <span class='ocr_line' id='line_1_19' title="bbox 143 2193 1214 2277; baseline 0.016 -31"><span class='ocrx_word' id='word_1_165' title='bbox 143 2193 205 2266; x_wconf 77' lang='lat' dir='ltr'><strong>piiis</strong></span> <span class='ocrx_word' id='word_1_166' title='bbox 221 2207 281 2265; x_wconf 79' lang='lat' dir='ltr'><strong>poet</strong></span> <span class='ocrx_word' id='word_1_167' title='bbox 299 2195 391 2266; x_wconf 80' lang='lat' dir='ltr'><strong>genitio</strong></span> <span class='ocrx_word' id='word_1_168' title='bbox 405 2208 506 2259; x_wconf 80' lang='lat' dir='ltr'><strong>carent,</strong></span> <span class='ocrx_word' id='word_1_169' title='bbox 524 2199 580 2268; x_wconf 79' lang='lat' dir='ltr'><strong>jam</strong></span> <span class='ocrx_word' id='word_1_170' title='bbox 595 2196 657 2250; x_wconf 86' lang='lat' dir='ltr'><strong>iude</strong></span> <span class='ocrx_word' id='word_1_171' title='bbox 700 2199 793 2252; x_wconf 77' lang='lat' dir='ltr'><strong>stotele</strong></span> <span class='ocrx_word' id='word_1_172' title='bbox 807 2200 901 2254; x_wconf 86' lang='lat' dir='ltr'><strong>eodem</strong></span> <span class='ocrx_word' id='word_1_173' title='bbox 915 2202 992 2268; x_wconf 86' lang='lat' dir='ltr'><strong>loeo,</strong></span> <span class='ocrx_word' id='word_1_174' title='bbox 1009 2233 1022 2252; x_wconf 73' lang='grc' dir='ltr'>ι</span> <span class='ocrx_word' id='word_1_175' title='bbox 1032 2207 1137 2260; x_wconf 80' lang='lat' dir='ltr'><strong>Colritii</strong></span> <span class='ocrx_word' id='word_1_176' title='bbox 1152 2211 1214 2277; x_wconf 87' lang='lat' dir='ltr'><strong>(in-</strong></span> 
     </span>
     <span class='ocr_line' id='line_1_20' title="bbox 145 2274 1213 2360; baseline 0.017 -35"><span class='ocrx_word' id='word_1_177' title='bbox 145 2274 247 2325; x_wconf 79' lang='lat' dir='ltr'><strong>abortu</strong></span> <span class='ocrx_word' id='word_1_178' title='bbox 254 2286 358 2327; x_wconf 76' lang='lat' dir='ltr'><strong>unturae</strong></span> <span class='ocrx_word' id='word_1_179' title='bbox 366 2276 581 2328; x_wconf 77' lang='lat' dir='ltr'><strong>vitiooontraoto.</strong></span> <span class='ocrx_word' id='word_1_180' title='bbox 593 2275 657 2329; x_wconf 76' lang='lat' dir='ltr'><strong>Huc</strong></span> <span class='ocrx_word' id='word_1_181' title='bbox 701 2279 771 2346; x_wconf 90' lang='lat' dir='ltr'><strong>quit)</strong></span> <span class='ocrx_word' id='word_1_182' title='bbox 783 2278 908 2334; x_wconf 71' lang='lat' dir='ltr'><strong>mutieres</strong></span> <span class='ocrx_word' id='word_1_183' title='bbox 922 2300 978 2336; x_wconf 77' lang='lat' dir='ltr'><strong>eone</strong></span> <span class='ocrx_word' id='word_1_184' title='bbox 991 2283 1137 2352; x_wconf 74' lang='lat' dir='ltr'><strong>immunes,</strong></span> <span class='ocrx_word' id='word_1_185' title='bbox 1149 2310 1213 2360; x_wconf 90' lang='lat' dir='ltr'><strong>pue·</strong></span> 
     </span>
     <span class='ocr_line' id='line_1_21' title="bbox 144 2351 1213 2433; baseline 0.017 -28"><span class='ocrx_word' id='word_1_186' title='bbox 144 2351 297 2406; x_wconf 76' lang='lat' dir='ltr'><strong>Aristotelen</strong></span> <span class='ocrx_word' id='word_1_187' title='bbox 317 2366 377 2406; x_wconf 80' lang='lat' dir='ltr'><strong>oute</strong></span> <span class='ocrx_word' id='word_1_188' title='bbox 396 2352 467 2406; x_wconf 86' lang='lat' dir='ltr'><strong>dioto</strong></span> <span class='ocrx_word' id='word_1_189' title='bbox 484 2354 554 2406; x_wconf 87' lang='lat' dir='ltr'><strong>loco.</strong></span> <span class='ocrx_word' id='word_1_190' title='bbox 573 2353 657 2408; x_wconf 81' lang='lat' dir='ltr'><strong>Ptttr.</strong></span> <span class='ocrx_word' id='word_1_191' title='bbox 701 2357 1057 2433; x_wconf 75' lang='lat' dir='ltr'><strong>roeetupadones,epertum</strong></span> <span class='ocrx_word' id='word_1_192' title='bbox 1064 2369 1213 2422; x_wconf 76' lang='lat' dir='ltr'><strong>eet-Prnr,</strong></span> 
     </span>
     <span class='ocr_line' id='line_1_22' title="bbox 145 2430 1213 2512; baseline 0.016 -29"><span class='ocrx_word' id='word_1_193' title='bbox 145 2461 181 2473; x_wconf 94' lang='lat'>-</span> <span class='ocrx_word' id='word_1_194' title='bbox 196 2430 314 2497; x_wconf 79' lang='lat' dir='ltr'><strong>Quidam</strong></span> <span class='ocrx_word' id='word_1_195' title='bbox 331 2435 442 2504; x_wconf 84' lang='lat' dir='ltr'><strong>legunt,</strong></span> <span class='ocrx_word' id='word_1_196' title='bbox 462 2453 513 2484; x_wconf 90' lang='lat' dir='ltr'><strong>non</strong></span> <span class='ocrx_word' id='word_1_197' title='bbox 532 2435 655 2485; x_wconf 79' lang='lat' dir='ltr'><strong>decidunt.</strong></span> <span class='ocrx_word' id='word_1_198' title='bbox 739 2438 1213 2512; x_wconf 68' lang='lat' dir='ltr'><strong>16.1nvenroeunen.tthenus‚de</strong></span> 
     </span>
     <span class='ocr_line' id='line_1_23' title="bbox 144 2511 1268 2597; baseline 0.012 -35"><span class='ocrx_word' id='word_1_199' title='bbox 144 2511 429 2581; x_wconf 63' lang='lat' dir='ltr'><strong>Drino-congeniti</strong></span> <span class='ocrx_word' id='word_1_200' title='bbox 436 2528 517 2564; x_wconf 84' lang='lat' dir='ltr'><strong>autem</strong></span> <span class='ocrx_word' id='word_1_201' title='bbox 530 2533 579 2565; x_wconf 91' lang='lat' dir='ltr'><strong>non</strong></span> <span class='ocrx_word' id='word_1_202' title='bbox 592 2515 658 2564; x_wconf 82' lang='lat' dir='ltr'><strong>desi·</strong></span> <span class='ocrx_word' id='word_1_203' title='bbox 701 2513 818 2568; x_wconf 73' lang='lat' dir='ltr'><strong>Animal.</strong></span> <span class='ocrx_word' id='word_1_204' title='bbox 839 2515 1039 2581; x_wconf 64' lang='lat' dir='ltr'><strong>fluminet.</strong></span> <span class='ocrx_word' id='word_1_205' title='bbox 1054 2543 1084 2588; x_wconf 83' lang='lat' dir='ltr'><strong>r,</strong></span> <span class='ocrx_word' id='word_1_206' title='bbox 1101 2545 1159 2597; x_wconf 78' lang='lat' dir='ltr'><strong>cop.</strong></span> <span class='ocrx_word' id='word_1_207' title='bbox 1179 2536 1212 2593; x_wconf 73' lang='grc'><strong>4,</strong></span> <span class='ocrx_word' id='word_1_208' title='bbox 1260 2541 1268 2548; x_wconf 87' lang='grc'><strong>’</strong></span> 
     </span>
     <span class='ocr_line' id='line_1_24' title="bbox 144 2593 1212 2677; baseline 0.015 -35"><span class='ocrx_word' id='word_1_209' title='bbox 144 2605 224 2652; x_wconf 68' lang='lat' dir='ltr'><strong>nient,</strong></span> <span class='ocrx_word' id='word_1_210' title='bbox 239 2593 301 2642; x_wconf 85' lang='lat' dir='ltr'><strong>sieut</strong></span> <span class='ocrx_word' id='word_1_211' title='bbox 317 2611 363 2643; x_wconf 85' lang='lat' dir='ltr'><strong>nee</strong></span> <span class='ocrx_word' id='word_1_212' title='bbox 372 2593 475 2660; x_wconf 80' lang='lat' dir='ltr'><strong>feminis</strong></span> <span class='ocrx_word' id='word_1_213' title='bbox 497 2611 656 2660; x_wconf 77' lang='lat' dir='ltr'><strong>magnopere.</strong></span> <span class='ocrx_word' id='word_1_214' title='bbox 701 2609 727 2662; x_wconf 89' lang='lat' dir='ltr'><strong>p.</strong></span> <span class='ocrx_word' id='word_1_215' title='bbox 742 2611 812 2660; x_wconf 79' lang='lat'>²9⁰²</span> <span class='ocrx_word' id='word_1_216' title='bbox 828 2595 999 2668; x_wconf 69' lang='lat' dir='ltr'><strong>«Aliquando</strong></span> <span class='ocrx_word' id='word_1_217' title='bbox 1013 2601 1124 2667; x_wconf 80' lang='lat' dir='ltr'><strong>accidit,</strong></span> <span class='ocrx_word' id='word_1_218' title='bbox 1138 2608 1212 2677; x_wconf 86' lang='lat' dir='ltr'><strong>quod</strong></span> 
     </span>
     <span class='ocr_line' id='line_1_25' title="bbox 144 2669 1213 2757; baseline 0.016 -35"><span class='ocrx_word' id='word_1_219' title='bbox 144 2669 657 2725; x_wconf 76' lang='lat' dir='ltr'><strong>HenoerneleotionemadstruuntMSS.</strong></span> <span class='ocrx_word' id='word_1_220' title='bbox 701 2669 879 2743; x_wconf 70' lang='lat' dir='ltr'><strong>impraegnati·</strong></span> <span class='ocrx_word' id='word_1_221' title='bbox 892 2677 1048 2732; x_wconf 80' lang='lat' dir='ltr'><strong>mulieribus</strong></span> <span class='ocrx_word' id='word_1_222' title='bbox 1062 2681 1151 2738; x_wconf 83' lang='lat' dir='ltr'><strong>fluunt</strong></span> <span class='ocrx_word' id='word_1_223' title='bbox 1162 2687 1213 2757; x_wconf 89' lang='lat' dir='ltr'><strong>pili</strong></span> 
     </span>
     <span class='ocr_line' id='line_1_26' title="bbox 144 2747 1213 2834; baseline 0.012 -33"><span class='ocrx_word' id='word_1_224' title='bbox 144 2767 255 2812; x_wconf 74' lang='lat' dir='ltr'><strong>omnes,</strong></span> <span class='ocrx_word' id='word_1_225' title='bbox 277 2747 323 2801; x_wconf 76' lang='lat' dir='ltr'><strong>red</strong></span> <span class='ocrx_word' id='word_1_226' title='bbox 344 2749 456 2816; x_wconf 82' lang='lat' dir='ltr'><strong>vitiose,</strong></span> <span class='ocrx_word' id='word_1_227' title='bbox 474 2760 503 2801; x_wconf 95' lang='lat' dir='ltr'><strong>ut</strong></span> <span class='ocrx_word' id='word_1_228' title='bbox 524 2749 637 2802; x_wconf 81' lang='lat' dir='ltr'><strong>arbitror</strong></span> <span class='ocrx_word' id='word_1_229' title='bbox 648 2766 656 2814; x_wconf 68' lang='grc' dir='ltr'>ς</span> <span class='ocrx_word' id='word_1_230' title='bbox 701 2750 813 2820; x_wconf 71' lang='lat' dir='ltr'><strong>cupitis,</strong></span> <span class='ocrx_word' id='word_1_231' title='bbox 825 2770 892 2823; x_wconf 80' lang='lat' dir='ltr'><strong>quoe</strong></span> <span class='ocrx_word' id='word_1_232' title='bbox 902 2755 1000 2809; x_wconf 80' lang='lat' dir='ltr'><strong>habent</strong></span> <span class='ocrx_word' id='word_1_233' title='bbox 1012 2776 1028 2810; x_wconf 87' lang='lat' dir='ltr'><strong>n</strong></span> <span class='ocrx_word' id='word_1_234' title='bbox 1040 2760 1124 2830; x_wconf 78' lang='lat' dir='ltr'><strong>prima</strong></span> <span class='ocrx_word' id='word_1_235' title='bbox 1134 2781 1213 2834; x_wconf 81' lang='lat' dir='ltr'><strong>geue-</strong></span> 
     </span>
     <span class='ocr_line' id='line_1_27' title="bbox 145 2827 1212 2904; baseline 0.016 -24"><span class='ocrx_word' id='word_1_236' title='bbox 145 2841 195 2881; x_wconf 81' lang='lat' dir='ltr'><strong>aut</strong></span> <span class='ocrx_word' id='word_1_237' title='bbox 209 2839 355 2900; x_wconf 74' lang='lat' dir='ltr'><strong>pugnantes</strong></span> <span class='ocrx_word' id='word_1_238' title='bbox 369 2827 439 2881; x_wconf 86' lang='lat' dir='ltr'><strong>inter</strong></span> <span class='ocrx_word' id='word_1_239' title='bbox 456 2847 485 2881; x_wconf 80' lang='lat' dir='ltr'><strong>oe</strong></span> <span class='ocrx_word' id='word_1_240' title='bbox 501 2829 657 2896; x_wconf 80' lang='lat' dir='ltr'><strong>sententiae,</strong></span> <span class='ocrx_word' id='word_1_241' title='bbox 700 2829 833 2883; x_wconf 75' lang='lat' dir='ltr'><strong>ratione...</strong></span> <span class='ocrx_word' id='word_1_242' title='bbox 844 2845 871 2885; x_wconf 84' lang='lat' dir='ltr'><strong>et</strong></span> <span class='ocrx_word' id='word_1_243' title='bbox 884 2830 945 2886; x_wconf 89' lang='lat' dir='ltr'><strong>ideo</strong></span> <span class='ocrx_word' id='word_1_244' title='bbox 956 2836 1038 2891; x_wconf 71' lang='lat' dir='ltr'><strong>calvo</strong></span> <span class='ocrx_word' id='word_1_245' title='bbox 1050 2838 1130 2904; x_wconf 86' lang='lat' dir='ltr'><strong>fiunt,</strong></span> <span class='ocrx_word' id='word_1_246' title='bbox 1143 2856 1212 2899; x_wconf 76' lang='lat' dir='ltr'><strong>eto.-</strong></span> 
     </span>
     <span class='ocr_line' id='line_1_28' title="bbox 145 2906 794 2978; baseline 0.005 -20"><span class='ocrx_word' id='word_1_247' title='bbox 145 2907 220 2978; x_wconf 86' lang='lat' dir='ltr'><strong>quod</strong></span> <span class='ocrx_word' id='word_1_248' title='bbox 234 2906 300 2959; x_wconf 88' lang='lat' dir='ltr'><strong>mibi</strong></span> <span class='ocrx_word' id='word_1_249' title='bbox 310 2907 397 2960; x_wconf 76' lang='lat' dir='ltr'><strong>simile</strong></span> <span class='ocrx_word' id='word_1_250' title='bbox 407 2909 463 2962; x_wconf 83' lang='lat' dir='ltr'><strong>veri</strong></span> <span class='ocrx_word' id='word_1_251' title='bbox 475 2927 529 2960; x_wconf 89' lang='lat' dir='ltr'><strong>uon</strong></span> <span class='ocrx_word' id='word_1_252' title='bbox 539 2907 655 2976; x_wconf 80' lang='lat' dir='ltr'><strong>videtur,</strong></span> <span class='ocrx_word' id='word_1_253' title='bbox 701 2906 794 2961; x_wconf 75' lang='lat' dir='ltr'><strong>lirun.</strong></span> 
     </span>
    </p>

    <p class='ocr_par' dir='ltr' id='par_1_5' title="bbox 144 2987 1212 3536">
     <span class='ocr_line' id='line_1_29' title="bbox 145 2987 1212 3074; baseline 0.016 -36"><span class='ocrx_word' id='word_1_254' title='bbox 145 3005 202 3038; x_wconf 85' lang='lat' dir='ltr'><strong>unu</strong></span> <span class='ocrx_word' id='word_1_255' title='bbox 219 2987 364 3059; x_wconf 76' lang='lat' dir='ltr'><strong>eademque</strong></span> <span class='ocrx_word' id='word_1_256' title='bbox 378 2987 473 3058; x_wconf 81' lang='lat' dir='ltr'><strong>pagina</strong></span> <span class='ocrx_word' id='word_1_257' title='bbox 487 2987 582 3040; x_wconf 76' lang='lat' dir='ltr'><strong>Noster</strong></span> <span class='ocrx_word' id='word_1_258' title='bbox 593 3007 657 3060; x_wconf 86' lang='lat' dir='ltr'><strong>pro·</strong></span> <span class='ocrx_word' id='word_1_259' title='bbox 739 3007 780 3057; x_wconf 87' lang='lat'><strong>¹7·</strong></span> <span class='ocrx_word' id='word_1_260' title='bbox 798 2994 830 3040; x_wconf 76' lang='lat' dir='ltr'><strong>tte</strong></span> <span class='ocrx_word' id='word_1_261' title='bbox 840 3004 866 3041; x_wconf 86' lang='lat' dir='ltr'><strong>et</strong></span> <span class='ocrx_word' id='word_1_262' title='bbox 877 2994 1016 3062; x_wconf 75' lang='lat' dir='ltr'><strong>lanugines.</strong></span> <span class='ocrx_word' id='word_1_263' title='bbox 1026 2997 1212 3074; x_wconf 85' lang='lat' dir='ltr'><strong>Subintellige‚</strong></span> 
     </span>
     <span class='ocr_line' id='line_1_30' title="bbox 144 3064 1212 3152; baseline 0.016 -35"><span class='ocrx_word' id='word_1_264' title='bbox 144 3065 207 3117; x_wconf 92' lang='lat' dir='ltr'><strong>tulit</strong></span> <span class='ocrx_word' id='word_1_265' title='bbox 219 3083 297 3117; x_wconf 87' lang='lat' dir='ltr'><strong>:mox</strong></span> <span class='ocrx_word' id='word_1_266' title='bbox 309 3064 495 3128; x_wconf 77' lang='lat' dir='ltr'><strong>enimeubdit,</strong></span> <span class='ocrx_word' id='word_1_267' title='bbox 507 3066 656 3119; x_wconf 72' lang='lat' dir='ltr'><strong>libidinosis</strong></span> <span class='ocrx_word' id='word_1_268' title='bbox 700 3065 813 3119; x_wconf 79' lang='lat' dir='ltr'><strong>iuventte</strong></span> <span class='ocrx_word' id='word_1_269' title='bbox 827 3083 888 3123; x_wconf 78' lang='lat' dir='ltr'><strong>eunt</strong></span> <span class='ocrx_word' id='word_1_270' title='bbox 905 3072 1011 3126; x_wconf 83' lang='lat' dir='ltr'><strong>leminis</strong></span> <span class='ocrx_word' id='word_1_271' title='bbox 1027 3076 1055 3129; x_wconf 88' lang='lat' dir='ltr'><strong>in</strong></span> <span class='ocrx_word' id='word_1_272' title='bbox 1069 3097 1116 3152; x_wconf 75' lang='lat' dir='ltr'><strong>pre</strong></span> <span class='ocrx_word' id='word_1_273' title='bbox 1135 3081 1212 3134; x_wconf 75' lang='lat' dir='ltr'><strong>bruu-</strong></span> 
     </span>
     <span class='ocr_line' id='line_1_31' title="bbox 145 3143 1212 3223; baseline 0.011 -27"><span class='ocrx_word' id='word_1_274' title='bbox 145 3144 303 3214; x_wconf 82' lang='lat' dir='ltr'><strong>congenitos</strong></span> <span class='ocrx_word' id='word_1_275' title='bbox 313 3145 379 3216; x_wconf 81' lang='lat' dir='ltr'><strong>pilos</strong></span> <span class='ocrx_word' id='word_1_276' title='bbox 388 3145 517 3198; x_wconf 80' lang='lat' dir='ltr'><strong>maturius</strong></span> <span class='ocrx_word' id='word_1_277' title='bbox 526 3143 655 3198; x_wconf 87' lang='lat' dir='ltr'><strong>defluere:</strong></span> <span class='ocrx_word' id='word_1_278' title='bbox 700 3145 789 3216; x_wconf 79' lang='lat' dir='ltr'><strong>ginee,</strong></span> <span class='ocrx_word' id='word_1_279' title='bbox 803 3159 830 3200; x_wconf 86' lang='lat' dir='ltr'><strong>et</strong></span> <span class='ocrx_word' id='word_1_280' title='bbox 841 3147 868 3200; x_wconf 87' lang='lat' dir='ltr'><strong>in</strong></span> <span class='ocrx_word' id='word_1_281' title='bbox 884 3163 973 3204; x_wconf 88' lang='lat' dir='ltr'><strong>mento</strong></span> <span class='ocrx_word' id='word_1_282' title='bbox 985 3153 1041 3223; x_wconf 84' lang='lat' dir='ltr'><strong>pili.</strong></span> <span class='ocrx_word' id='word_1_283' title='bbox 1055 3157 1132 3212; x_wconf 73' lang='lat' dir='ltr'><strong>Arist.</strong></span> <span class='ocrx_word' id='word_1_284' title='bbox 1144 3159 1212 3214; x_wconf 65' lang='lat' dir='ltr'><strong>Hine,</strong></span> 
     </span>
     <span class='ocr_line' id='line_1_32' title="bbox 145 3221 1212 3304; baseline 0.009 -30"><span class='ocrx_word' id='word_1_285' title='bbox 145 3221 267 3275; x_wconf 85' lang='lat' dir='ltr'><strong>defluunt</strong></span> <span class='ocrx_word' id='word_1_286' title='bbox 276 3223 372 3294; x_wconf 87' lang='lat' dir='ltr'><strong>igitur,</strong></span> <span class='ocrx_word' id='word_1_287' title='bbox 384 3221 563 3294; x_wconf 84' lang='lat' dir='ltr'><strong>desinuntque</strong></span> <span class='ocrx_word' id='word_1_288' title='bbox 574 3236 599 3276; x_wconf 85' lang='lat' dir='ltr'><strong>et</strong></span> <span class='ocrx_word' id='word_1_289' title='bbox 609 3242 656 3278; x_wconf 84' lang='lat' dir='ltr'><strong>ote·</strong></span> <span class='ocrx_word' id='word_1_290' title='bbox 701 3224 748 3276; x_wconf 86' lang='lat' dir='ltr'><strong>lib.</strong></span> <span class='ocrx_word' id='word_1_291' title='bbox 771 3227 832 3292; x_wconf 83' lang='lat'>111,</span> <span class='ocrx_word' id='word_1_292' title='bbox 848 3245 906 3299; x_wconf 84' lang='lat' dir='ltr'><strong>enp.</strong></span> <span class='ocrx_word' id='word_1_293' title='bbox 924 3249 970 3293; x_wconf 84' lang='grc' dir='ltr'><strong>ιο,</strong></span> <span class='ocrx_word' id='word_1_294' title='bbox 984 3250 1045 3304; x_wconf 81' lang='lat' dir='ltr'><strong>pag.</strong></span> <span class='ocrx_word' id='word_1_295' title='bbox 1067 3236 1118 3300; x_wconf 61' lang='grc'><strong>345</strong></span> <span class='ocrx_word' id='word_1_296' title='bbox 1130 3257 1137 3290; x_wconf 91' lang='lat'>:</span> <span class='ocrx_word' id='word_1_297' title='bbox 1151 3244 1212 3299; x_wconf 64' lang='grc' dir='ltr'><strong>Γυνὴ</strong></span> 
     </span>
     <span class='ocr_line' id='line_1_33' title="bbox 144 3299 1211 3388; baseline 0.016 -35"><span class='ocrx_word' id='word_1_298' title='bbox 144 3301 217 3354; x_wconf 86' lang='lat' dir='ltr'><strong>teris.</strong></span> <span class='ocrx_word' id='word_1_299' title='bbox 230 3302 318 3366; x_wconf 87' lang='lat' dir='ltr'><strong>Quum</strong></span> <span class='ocrx_word' id='word_1_300' title='bbox 337 3320 419 3374; x_wconf 88' lang='lat' dir='ltr'><strong>porro</strong></span> <span class='ocrx_word' id='word_1_301' title='bbox 432 3301 495 3354; x_wconf 91' lang='lat' dir='ltr'><strong>huio</strong></span> <span class='ocrx_word' id='word_1_302' title='bbox 509 3302 570 3356; x_wconf 88' lang='lat' dir='ltr'><strong>loco</strong></span> <span class='ocrx_word' id='word_1_303' title='bbox 582 3321 657 3356; x_wconf 80' lang='lat' dir='ltr'><strong>oura-</strong></span> <span class='ocrx_word' id='word_1_304' title='bbox 702 3299 731 3354; x_wconf 70' lang='lat' dir='ltr'><strong>li</strong></span> <span class='ocrx_word' id='word_1_305' title='bbox 745 3305 787 3364; x_wconf 79' lang='grc' dir='ltr'><strong>τὰς</strong></span> <span class='ocrx_word' id='word_1_306' title='bbox 803 3305 842 3358; x_wconf 75' lang='grc' dir='ltr'><strong>ἐπὶ</strong></span> <span class='ocrx_word' id='word_1_307' title='bbox 855 3314 889 3377; x_wconf 74' lang='grc' dir='ltr'><strong>τῷ</strong></span> <span class='ocrx_word' id='word_1_308' title='bbox 904 3311 985 3381; x_wconf 64' lang='lat' dir='ltr'><strong>pretio</strong></span> <span class='ocrx_word' id='word_1_309' title='bbox 1007 3320 1033 3366; x_wconf 78' lang='grc' dir='ltr'><strong>οὐ</strong></span> <span class='ocrx_word' id='word_1_310' title='bbox 1047 3317 1100 3384; x_wconf 68' lang='grc' dir='ltr'><strong>φύει</strong></span> <span class='ocrx_word' id='word_1_311' title='bbox 1110 3320 1211 3388; x_wconf 78' lang='grc' dir='ltr'><strong>τρίχας,</strong></span> 
     </span>
     <span class='ocr_line' id='line_1_34' title="bbox 146 3379 1212 3463; baseline 0.008 -29"><span class='ocrx_word' id='word_1_312' title='bbox 146 3379 481 3444; x_wconf 82' lang='lat' dir='ltr'><strong>tionemndbibemuo‚eum</strong></span> <span class='ocrx_word' id='word_1_313' title='bbox 490 3381 657 3435; x_wconf 85' lang='lat' dir='ltr'><strong>eruditorum</strong></span> <span class='ocrx_word' id='word_1_314' title='bbox 701 3385 762 3440; x_wconf 75' lang='grc' dir='ltr'><strong>πλὴν</strong></span> <span class='ocrx_word' id='word_1_315' title='bbox 778 3387 857 3458; x_wconf 71' lang='grc' dir='ltr'>ὀλίγαι</span> <span class='ocrx_word' id='word_1_316' title='bbox 870 3388 941 3449; x_wconf 77' lang='grc' dir='ltr'><strong>ἐνίαις</strong></span> <span class='ocrx_word' id='word_1_317' title='bbox 954 3393 1090 3463; x_wconf 54' lang='lat' dir='ltr'><strong>piperem,</strong></span> <span class='ocrx_word' id='word_1_318' title='bbox 1110 3401 1166 3452; x_wconf 64' lang='lat' dir='ltr'><strong>dm</strong></span> <span class='ocrx_word' id='word_1_319' title='bbox 1178 3403 1212 3454; x_wconf 57' lang='grc' dir='ltr'><strong>τὰ</strong></span> 
     </span>
     <span class='ocr_line' id='line_1_35' title="bbox 145 3460 994 3536; baseline 0.006 -24"><span class='ocrx_word' id='word_1_320' title='bbox 145 3460 220 3532; x_wconf 84' lang='lat' dir='ltr'><strong>prius</strong></span> <span class='ocrx_word' id='word_1_321' title='bbox 245 3479 361 3514; x_wconf 64' lang='lat' dir='ltr'><strong>censura</strong></span> <span class='ocrx_word' id='word_1_322' title='bbox 391 3460 485 3532; x_wconf 80' lang='lat' dir='ltr'><strong>subjici</strong></span> <span class='ocrx_word' id='word_1_323' title='bbox 513 3473 656 3533; x_wconf 81' lang='lat' dir='ltr'><strong>oportere,</strong></span> <span class='ocrx_word' id='word_1_324' title='bbox 701 3463 840 3533; x_wconf 69' lang='grc' dir='ltr'>καταμήνια</span> <span class='ocrx_word' id='word_1_325' title='bbox 852 3474 892 3536; x_wconf 63' lang='grc' dir='ltr'><strong>φῇ.</strong></span> <span class='ocrx_word' id='word_1_326' title='bbox 905 3467 994 3524; x_wconf 60' lang='lat' dir='ltr'><strong>Hirro,</strong></span> 
     </span>
    </p>

    <p class='ocr_par' dir='ltr' id='par_1_6' title="bbox 144 3540 1213 4009">
     <span class='ocr_line' id='line_1_36' title="bbox 145 3540 1212 3622; baseline 0.02 -31"><span class='ocrx_word' id='word_1_327' title='bbox 145 3558 228 3611; x_wconf 79' lang='lat' dir='ltr'><strong>quam</strong></span> <span class='ocrx_word' id='word_1_328' title='bbox 247 3540 274 3591; x_wconf 87' lang='lat' dir='ltr'><strong>in</strong></span> <span class='ocrx_word' id='word_1_329' title='bbox 289 3552 389 3594; x_wconf 87' lang='lat' dir='ltr'><strong>textum</strong></span> <span class='ocrx_word' id='word_1_330' title='bbox 404 3540 483 3593; x_wconf 82' lang='lat' dir='ltr'><strong>imeri</strong></span> <span class='ocrx_word' id='word_1_331' title='bbox 502 3541 588 3594; x_wconf 82' lang='lat' dir='ltr'><strong>visnm&#39;</strong></span> <span class='ocrx_word' id='word_1_332' title='bbox 598 3553 655 3594; x_wconf 83' lang='lat' dir='ltr'><strong>est:</strong></span> <span class='ocrx_word' id='word_1_333' title='bbox 739 3544 780 3598; x_wconf 83' lang='lat'><strong>18.</strong></span> <span class='ocrx_word' id='word_1_334' title='bbox 796 3549 945 3610; x_wconf 80' lang='lat' dir='ltr'><strong>Quibusdam</strong></span> <span class='ocrx_word' id='word_1_335' title='bbox 953 3558 1100 3621; x_wconf 72' lang='lat' dir='ltr'><strong>postgeniti.</strong></span> <span class='ocrx_word' id='word_1_336' title='bbox 1112 3558 1212 3622; x_wconf 78' lang='lat' dir='ltr'><strong>Menti,</strong></span> 
     </span>
     <span class='ocr_line' id='line_1_37' title="bbox 145 3619 1210 3701; baseline 0.015 -31"><span class='ocrx_word' id='word_1_337' title='bbox 145 3638 241 3672; x_wconf 89' lang='lat' dir='ltr'><strong>nenon</strong></span> <span class='ocrx_word' id='word_1_338' title='bbox 251 3619 365 3676; x_wconf 86' lang='lat' dir='ltr'><strong>Plinium</strong></span> <span class='ocrx_word' id='word_1_339' title='bbox 374 3619 570 3691; x_wconf 78' lang='lat' dir='ltr'><strong>refingere,sed</strong></span> <span class='ocrx_word' id='word_1_340' title='bbox 580 3622 658 3692; x_wconf 85' lang='lat' dir='ltr'><strong>pinne</strong></span> <span class='ocrx_word' id='word_1_341' title='bbox 702 3622 802 3693; x_wconf 78' lang='lat' dir='ltr'><strong>pubis,</strong></span> <span class='ocrx_word' id='word_1_342' title='bbox 816 3636 841 3676; x_wconf 90' lang='lat' dir='ltr'><strong>et</strong></span> <span class='ocrx_word' id='word_1_343' title='bbox 852 3626 954 3682; x_wconf 75' lang='lat' dir='ltr'><strong>ulerunt</strong></span> <span class='ocrx_word' id='word_1_344' title='bbox 968 3630 1025 3701; x_wconf 89' lang='lat' dir='ltr'><strong>pili.</strong></span> <span class='ocrx_word' id='word_1_345' title='bbox 1039 3636 1146 3690; x_wconf 69' lang='lat' dir='ltr'><strong>Aristot.</strong></span> <span class='ocrx_word' id='word_1_346' title='bbox 1159 3638 1210 3691; x_wconf 80' lang='lat' dir='ltr'><strong>loe,</strong></span> 
     </span>
     <span class='ocr_line' id='line_1_38' title="bbox 144 3697 1210 3788; baseline 0.022 -40"><span class='ocrx_word' id='word_1_347' title='bbox 144 3715 245 3750; x_wconf 82' lang='lat' dir='ltr'><strong>novum</strong></span> <span class='ocrx_word' id='word_1_348' title='bbox 265 3697 362 3752; x_wconf 86' lang='lat' dir='ltr'><strong>cudere</strong></span> <span class='ocrx_word' id='word_1_349' title='bbox 381 3717 412 3752; x_wconf 87' lang='lat' dir='ltr'><strong>ex</strong></span> <span class='ocrx_word' id='word_1_350' title='bbox 428 3700 538 3753; x_wconf 82' lang='lat' dir='ltr'><strong>arbitrio</strong></span> <span class='ocrx_word' id='word_1_351' title='bbox 556 3700 658 3756; x_wconf 81' lang='lat' dir='ltr'><strong>videre-</strong></span> <span class='ocrx_word' id='word_1_352' title='bbox 702 3703 747 3755; x_wconf 83' lang='lat' dir='ltr'><strong>cit.</strong></span> <span class='ocrx_word' id='word_1_353' title='bbox 774 3704 829 3768; x_wconf 87' lang='lat' dir='ltr'><strong>Qui</strong></span> <span class='ocrx_word' id='word_1_354' title='bbox 851 3707 901 3777; x_wconf 90' lang='lat' dir='ltr'><strong>pili</strong></span> <span class='ocrx_word' id='word_1_355' title='bbox 926 3713 1072 3780; x_wconf 77' lang='lat' dir='ltr'><strong>posterius,</strong></span> <span class='ocrx_word' id='word_1_356' title='bbox 1107 3717 1210 3788; x_wconf 86' lang='lat' dir='ltr'><strong>inquit,</strong></span> 
     </span>
     <span class='ocr_line' id='line_1_39' title="bbox 145 3777 1211 3866; baseline 0.02 -37"><span class='ocrx_word' id='word_1_357' title='bbox 145 3795 215 3829; x_wconf 86' lang='lat' dir='ltr'><strong>mur.</strong></span> <span class='ocrx_word' id='word_1_358' title='bbox 231 3777 268 3830; x_wconf 84' lang='lat' dir='ltr'><strong>En</strong></span> <span class='ocrx_word' id='word_1_359' title='bbox 282 3791 320 3830; x_wconf 81' lang='lat' dir='ltr'><strong>est</strong></span> <span class='ocrx_word' id='word_1_360' title='bbox 334 3777 482 3850; x_wconf 73' lang='lat' dir='ltr'><strong>ejusmodi:</strong></span> <span class='ocrx_word' id='word_1_361' title='bbox 498 3779 657 3851; x_wconf 80' lang='lat' dir='ltr'><strong>«Congeuiti</strong></span> <span class='ocrx_word' id='word_1_362' title='bbox 702 3781 765 3834; x_wconf 85' lang='lat' dir='ltr'><strong>oriri</strong></span> <span class='ocrx_word' id='word_1_363' title='bbox 779 3784 881 3849; x_wconf 86' lang='lat' dir='ltr'><strong>solent,</strong></span> <span class='ocrx_word' id='word_1_364' title='bbox 898 3789 936 3840; x_wconf 81' lang='lat' dir='ltr'><strong>eie</strong></span> <span class='ocrx_word' id='word_1_365' title='bbox 947 3801 999 3842; x_wconf 86' lang='lat' dir='ltr'><strong>tom</strong></span> <span class='ocrx_word' id='word_1_366' title='bbox 1013 3793 1064 3844; x_wconf 84' lang='lat' dir='ltr'><strong>viri</strong></span> <span class='ocrx_word' id='word_1_367' title='bbox 1077 3814 1157 3866; x_wconf 80' lang='lat' dir='ltr'><strong>quam</strong></span> <span class='ocrx_word' id='word_1_368' title='bbox 1172 3800 1211 3850; x_wconf 84' lang='lat' dir='ltr'><strong>fe-</strong></span> 
     </span>
     <span class='ocr_line' id='line_1_40' title="bbox 145 3855 1212 3930; baseline 0.02 -22"><span class='ocrx_word' id='word_1_369' title='bbox 145 3866 236 3908; x_wconf 86' lang='lat' dir='ltr'><strong>nutem</strong></span> <span class='ocrx_word' id='word_1_370' title='bbox 248 3874 302 3908; x_wconf 90' lang='lat' dir='ltr'><strong>uon</strong></span> <span class='ocrx_word' id='word_1_371' title='bbox 311 3855 436 3910; x_wconf 82' lang='lat' dir='ltr'><strong>desinunt</strong></span> <span class='ocrx_word' id='word_1_372' title='bbox 446 3857 591 3922; x_wconf 79' lang='lat' dir='ltr'><strong>eunuchis,</strong></span> <span class='ocrx_word' id='word_1_373' title='bbox 608 3877 657 3911; x_wconf 87' lang='lat' dir='ltr'><strong>neo</strong></span> <span class='ocrx_word' id='word_1_374' title='bbox 702 3860 802 3924; x_wconf 73' lang='lat' dir='ltr'><strong>minu,</strong></span> <span class='ocrx_word' id='word_1_375' title='bbox 817 3864 850 3916; x_wconf 86' lang='lat' dir='ltr'><strong>rb</strong></span> <span class='ocrx_word' id='word_1_376' title='bbox 868 3877 928 3918; x_wconf 89' lang='lat' dir='ltr'><strong>ortu</strong></span> <span class='ocrx_word' id='word_1_377' title='bbox 946 3883 1051 3923; x_wconf 78' lang='lat' dir='ltr'><strong>neturn</strong></span> <span class='ocrx_word' id='word_1_378' title='bbox 1063 3874 1130 3926; x_wconf 83' lang='lat' dir='ltr'><strong>vitio</strong></span> <span class='ocrx_word' id='word_1_379' title='bbox 1147 3896 1212 3930; x_wconf 89' lang='lat' dir='ltr'><strong>con·</strong></span> 
     </span>
     <span class='ocr_line' id='line_1_41' title="bbox 145 3933 1213 4009; baseline 0.022 -24"><span class='ocrx_word' id='word_1_380' title='bbox 145 3933 252 3987; x_wconf 82' lang='lat' dir='ltr'><strong>feminis</strong></span> <span class='ocrx_word' id='word_1_381' title='bbox 268 3953 468 4008; x_wconf 78' lang='lat' dir='ltr'><strong>magnoperen:</strong></span> <span class='ocrx_word' id='word_1_382' title='bbox 483 3938 592 4009; x_wconf 87' lang='lat' dir='ltr'><strong>repetita</strong></span> <span class='ocrx_word' id='word_1_383' title='bbox 606 3957 656 4009; x_wconf 90' lang='lat' dir='ltr'><strong>po·</strong></span> <span class='ocrx_word' id='word_1_384' title='bbox 701 3951 799 4002; x_wconf 75' lang='lat' dir='ltr'><strong>tracto,</strong></span> <span class='ocrx_word' id='word_1_385' title='bbox 811 3946 935 3998; x_wconf 85' lang='lat' dir='ltr'><strong>nonnulli</strong></span> <span class='ocrx_word' id='word_1_386' title='bbox 948 3962 1055 4002; x_wconf 66' lang='lat' dir='ltr'><strong>curent:</strong></span> <span class='ocrx_word' id='word_1_387' title='bbox 1072 3951 1117 4004; x_wconf 76' lang='lat' dir='ltr'><strong>red</strong></span> <span class='ocrx_word' id='word_1_388' title='bbox 1132 3955 1213 4009; x_wconf 80' lang='lat' dir='ltr'><strong>nimul</strong></span> 
     </span>
    </p>
   </div>
   <div class='ocr_carea' id='block_1_4' title="bbox 144 4013 1252 4162">
    <p class='ocr_par' dir='ltr' id='par_1_7' title="bbox 144 4013 1252 4162">
     <span class='ocr_line' id='line_1_42' title="bbox 146 4013 1252 4102; baseline 0.023 -38"><span class='ocrx_word' id='word_1_389' title='bbox 146 4013 259 4066; x_wconf 83' lang='lat' dir='ltr'><strong>steriore</strong></span> <span class='ocrx_word' id='word_1_390' title='bbox 287 4013 389 4086; x_wconf 74' lang='lat' dir='ltr'><strong>syllaba</strong></span> <span class='ocrx_word' id='word_1_391' title='bbox 417 4014 489 4066; x_wconf 74' lang='lat' dir='ltr'><strong>vocis</strong></span> <span class='ocrx_word' id='word_1_392' title='bbox 520 4019 656 4082; x_wconf 84' lang='lat' dir='ltr'><strong>desinunt,</strong></span> <span class='ocrx_word' id='word_1_393' title='bbox 702 4031 727 4072; x_wconf 87' lang='lat' dir='ltr'><strong>et</strong></span> <span class='ocrx_word' id='word_1_394' title='bbox 740 4022 886 4091; x_wconf 76' lang='lat' dir='ltr'><strong>generandi</strong></span> <span class='ocrx_word' id='word_1_395' title='bbox 897 4025 1033 4090; x_wconf 75' lang='lat' dir='ltr'><strong>facultate,</strong></span> <span class='ocrx_word' id='word_1_396' title='bbox 1046 4038 1074 4082; x_wconf 88' lang='lat' dir='ltr'><strong>et</strong></span> <span class='ocrx_word' id='word_1_397' title='bbox 1085 4033 1155 4102; x_wconf 86' lang='lat' dir='ltr'><strong>pube</strong></span> <span class='ocrx_word' id='word_1_398' title='bbox 1166 4033 1215 4088; x_wconf 84' lang='lat' dir='ltr'><strong>de·</strong></span> <span class='ocrx_word' id='word_1_399' title='bbox 1249 4075 1252 4081; x_wconf 81' lang='lat'>-</span> 
     </span>
     <span class='ocr_line' id='line_1_43' title="bbox 144 4091 939 4162; baseline 0.018 -20"><span class='ocrx_word' id='word_1_400' title='bbox 144 4109 227 4162; x_wconf 81' lang='lat' dir='ltr'><strong>quam</strong></span> <span class='ocrx_word' id='word_1_401' title='bbox 241 4091 410 4146; x_wconf 83' lang='lat' dir='ltr'><strong>librariorum</strong></span> <span class='ocrx_word' id='word_1_402' title='bbox 425 4093 526 4148; x_wconf 78' lang='lat' dir='ltr'><strong>incuria</strong></span> <span class='ocrx_word' id='word_1_403' title='bbox 538 4112 599 4146; x_wconf 86' lang='lat' dir='ltr'><strong>cum</strong></span> <span class='ocrx_word' id='word_1_404' title='bbox 614 4114 656 4148; x_wconf 80' lang='lat' dir='ltr'><strong>eu·</strong></span> <span class='ocrx_word' id='word_1_405' title='bbox 702 4099 836 4153; x_wconf 83' lang='lat' dir='ltr'><strong>ficiuntur.</strong></span> <span class='ocrx_word' id='word_1_406' title='bbox 847 4101 939 4156; x_wconf 74' lang='lat' dir='ltr'><strong>lituu.</strong></span> 
     </span>
    </p>
   </div>
   <div class='ocr_carea' id='block_1_5' title="bbox 201 4207 1081 4287">
    <p class='ocr_par' dir='ltr' id='par_1_8' title="bbox 201 4207 1081 4287">
     <span class='ocr_line' id='line_1_44' title="bbox 201 4207 1081 4287; baseline 0.019 -17"><span class='ocrx_word' id='word_1_407' title='bbox 201 4207 265 4272; x_wconf 86' lang='lat' dir='ltr'><strong>IV.</strong></span> <span class='ocrx_word' id='word_1_408' title='bbox 1032 4215 1081 4287; x_wconf 85' lang='lat'><strong>36</strong></span> 
     </span>
    </p>
   </div>
   <div class='ocr_carea' id='block_1_6' title="bbox 0 0 1604 5159">
    <p class='ocr_par' dir='ltr' id='par_1_9' title="bbox 0 0 1604 5159">
     <span class='ocr_line' id='line_1_45' title="bbox 0 0 1604 5159; baseline 0 0"><span class='ocrx_word' id='word_1_409' title='bbox 0 0 1604 5159; x_wconf 95' lang='lat' dir='ltr'><strong> </strong></span> 
     </span>
    </p>
   </div>
  </div>
 </body>
</html>
