3200 5159
548 490 705 565 mnan
731 490 799 564 1x.
898 450 902 458 ’
1156 492 1207 583 45

128 626 370 725 Gangelndiae
385 624 726 723 platanistasvocant,
751 642 861 698 rostro
872 627 1019 725 delphini
1029 612 1070 699 'et
1087 629 1220 719 cauda,.

131 880 326 935 bida-orandus
337 882 477 953 approbat,
486 879 653 945 dePisesbus,
697 878 1033 953 adaptatur,Langobardis
1038 883 1209 956 jactationem

134 962 180 1014 lib.
200 962 255 1027 w,
274 978 337 1031 cap.
354 978 400 1027 rs,
416 979 479 1033 pag.
501 958 653 1013 533.1dem
696 974 722 1013 et
737 961 860 1014 ferociam
879 974 967 1026 sonat}
981 961 1094 1035 ideoque
1107 964 1210 1035 optime

133 1040 279 1107 Albe-tus,
298 1040 346 1091 lib.
368 1040 473 1107 XXIV,
495 1058 556 1111 pag.
576 1042 650 1103 654:
696 1040 822 1093 convenit
832 1038 927 1093 audaci
938 1040 1031 1094 siluro.
1049 1040 1139 1105 Quum
1148 1052 1209 1113 post

135 1119 235 1172 ‹lluso
251 1130 292 1171 est
303 1118 384 1190 piscis
406 1136 460 1172 non
480 1135 652 1189 squamosus,
696 1120 893 1191 generationem
910 1120 993 1174 sturio
1011 1120 1105 1173 evadat
1119 1121 1209 1193 insipi-

137 1198 652 1270 inligurasturionis,etc.lluncpistem
695 1198 774 1262 dior,
799 1200 910 1252 fortasse
930 1196 963 1250 ad
982 1197 1052 1251 banc
1068 1210 1209 1271 tempests·

135 1278 223 1332 sturio
232 1277 408 1333 confricando
418 1297 445 1331 se
453 1276 488 1329 ad
496 1296 555 1329 eum
566 1278 654 1348 agitat,
696 1290 747 1329 tem
760 1276 847 1330 allusit
857 1280 889 1330 D.
902 1277 1065 1339 Ambrosius,
1075 1278 1122 1329 ubi
1133 1278 1208 1331 siluri

137 1360 174 1411 ita
196 1358 270 1429 quod
289 1376 359 1429 saepe
380 1356 459 1410 simul
479 1360 653 1427 captantum
696 1374 802 1409 caruem
810 1355 1207 1423 naucisidetnrlecisse.Quum

139 1435 278 1508 videque
286 1436 382 1489 dicturi
390 1434 533 1489 snmnslib.
540 1434 653 1499 xxxn,
697 1454 744 1508 per
760 1434 788 1487 id
805 1435 932 1507 temporis
951 1429 1034 1488 stitrio
1058 1436 1206 1503 feroculus,

140 1534 200 1587 cap.
218 1533 260 1583 ¹9·
281 1517 369 1580 Quem
389 1532 451 1566 sero
470 1513 600 1566 hutonem
614 1514 652 1567 illi
696 1527 722 1567 et
734 1532 815 1585 supra
836 1532 963 1586 aquarum
978 1515 1142 1586 superficiem
1161 1534 1207 1589 ap-

140 1606 246 1659 vocant,
255 1596 278 1649 is
290 1607 328 1648 est
336 1594 451 1648 fortassis
463 1611 542 1665 quem
557 1594 653 1647 ancho·
696 1606 799 1666 pareat,
816 1609 871 1647 uon
894 1594 1049 1661 abnuerim,
1080 1592 1154 1666 quod
1177 1594 1206 1649 iu

141 1676 259 1745 rapinem
273 1672 447 1727 Cassiodorus
461 1672 573 1743 appellat
583 1713 590 1739 ,
602 1671 649 1725 lib.
696 1674 787 1725 Rheno
800 1682 826 1725 et
834 1673 956 1727 Danubio
969 1672 1115 1726 innatantes
1124 1692 1207 1745 equos

143 1754 208 1816 nt,
227 1754 307 1825 epist.
328 1758 360 1815 4:
381 1752 521 1805 -Destinet
544 1769 653 1823 carpam
696 1753 848 1824 demergere
857 1752 1206 1825 potnerit.Conveultetiam

142 1830 300 1893 Danubius,
314 1850 330 1883 a
344 1829 438 1883 Rheno
450 1831 536 1883 veniat
554 1830 653 1884 ancho·
697 1831 825 1885 Pliniante
845 1831 992 1884 narrationi
1014 1832 1159 1885 sturionem
1174 1851 1206 1886 cs

141 1930 204 1982 rago
212 1908 654 1974 enormis‚etc.=ll.-Hocnomine
696 1911 795 1965 habere
813 1912 840 1963 in
857 1909 1048 1963 rotunditatem
1068 1910 1206 1978 desinens,

143 1991 286 2043 sturionem
305 1988 435 2060 designari
458 1988 570 2041 adstruit
586 1990 653 2043 Har-
696 1990 820 2063 quamvis
836 1990 869 2043 sit
880 2001 966 2043 rostro
977 1988 1121 2061 oblongus,
1134 1989 1207 2044 uude

143 2069 258 2136 duinus,
282 2068 358 2142 quod
384 2069 495 2122 minime
517 2068 652 2142 improbo,
696 2069 785 2141 aliqua
798 2068 899 2121 ratione
911 2067 1092 2122 chamaeleonti
1107 2069 1208 2123 assimi-

143 2168 224 2221 quum
238 2150 337 2203 silurus
350 2164 395 2202 me
401 2147 505 2221 judice,
524 2163 550 2202 et
571 2148 653 2203 sturio
696 2147 773 2201 latur.
791 2148 854 2200 Huc
872 2147 961 2200 omnia
979 2146 1011 2201 iis
1025 2148 1206 2215 innotescunt,

144 2248 174 2282 ex
195 2228 292 2283 eodem
319 2246 416 2298 genere
436 2228 498 2281 sint.
525 2228 653 2281 Porculus
696 2226 743 2300 qni
757 2226 888 2280 sturiones
906 2238 933 2279 et
954 2227 1073 2300 copesios
1089 2238 1207 2281 coutem-

144 2309 275 2369 marinus,
292 2326 375 2380 quem
388 2327 475 2375 eopese
486 2307 578 2360 dicunt
588 2306 653 2360 Fer·
695 2306 817 2379 plnrunt3
835 2304 999 2376 curiosisque
1018 2305 1133 2360 sufficiet
1152 2320 1207 2360 stu-

143 2388 281 2448 rarienses‚
302 2403 405 2440 tamone
424 2386 578 2440 Placentini.
603 2384 653 2439 llic
696 2383 1209 2457 rionesinpinaootbecanostrsintueri‚

143 2468 170 2521 iu
186 2468 270 2539 spine
288 2466 378 2537 ligura
399 2464 539 2536 caudaque
561 2484 653 2518 verum
696 2486 764 2539 quos
774 2467 886 2538 eleganti
893 2461 1088 2519 FelicisBoselli
1100 2468 1208 2537 pictoris

143 2548 285 2601 sturionem
298 2544 395 2609 relect,
415 2564 444 2599 os
458 2556 547 2599 tamen
565 2558 653 2600 anata-
698 2566 778 2601 manu
789 2545 906 2602 redditos
918 2545 1047 2619 possideo.
1061 2548 1143 2601 Color
1156 2568 1207 2604 cse-

143 2628 182 2680 rio
198 2626 317 2687 accedit;
338 2624 452 2698 ideoque
470 2626 654 2680 chamaeleonti
696 2626 786 2680 ruleus
810 2627 837 2679 in
859 2627 977 2698 aquilum
1000 2626 1126 2691 tendens,
1152 2629 1209 2682 sive

144 2707 322 2768 assimilatum
335 2705 428 2757 suillus
446 2705 526 2759 etism
540 2724 554 2757 a
568 2706 654 2758 Plinio
696 2706 942 2777 plumbeusoptime
951 2704 1209 2776 respondetbnsonii

144 2786 256 2851 dicitnr,
271 2804 305 2838 ec
318 2785 379 2857 quia
391 2801 453 2837 caro
466 2784 595 2837 terrestris
605 2785 655 2837 sui·
697 2786 789 2849 siluro,
802 2803 882 2858 quem
894 2784 1038 2837 describit:
1058 2807 1109 2839 s...
1121 2787 1209 2841 Actuo

144 2884 181 2918 ne
194 2866 292 2918 reserat
306 2864 423 2937 speciem
437 2862 501 2918 :sed
516 2863 588 2935 quod
598 2882 655 2917 ma·
697 2864 854 2937 perductum
874 2875 977 2935 tergora
994 2861 1102 2917 olivo·
1123 2866 1208 2919 Unica

144 2949 211 3000 nime
230 2946 400 3011 notandum,
415 2945 512 2997 borum
533 2944 654 2998 omnium
697 2944 823 2997 sturionis
844 2943 933 3015 spina,
947 2962 962 2995 a
980 2944 1080 2998 caeteris
1096 2945 1208 3016 piscium

144 3026 257 3098 piscium
290 3026 378 3097 proles
412 3035 522 3077 vocatur
543 3028 654 3093 porcella
698 3023 808 3077 omnino
818 3020 964 3085 dissimilis,
976 3021 1089 3075 cohaeret
1099 3043 1210 3095 sequen·

144 3118 169 3159 et
183 3108 337 3174 porcelletta.
353 3104 458 3157 Nomen
482 3107 605 3171 porcella,
628 3115 655 3156 et
699 3102 769 3155 tibus
787 3101 864 3153 Plinii
874 3100 971 3162 verbis,
986 3120 1068 3172 quum
1079 3101 1113 3156 ad
1127 3104 1210 3176 Bory-

141 3190 285 3253 poreelletta
310 3202 453 3237 commune
479 3186 583 3235 stationi
589 3222 597 3247 ‚
615 3187 655 3234 la·
699 3181 812 3242 sthenis,
831 3192 856 3232 et
876 3179 992 3232 Danubii
1010 3182 1076 3233 ostia
1090 3182 1210 3253 ingentes

146 3270 220 3325 dano,
242 3268 341 3333 reperio
355 3262 468 3317 ostendit
488 3263 595 3315 novitiis
611 3282 656 3335 ap·
700 3263 841 3335 capiantur
862 3259 1013 3315 sturiones:
1032 3287 1043 3309 ι
1054 3264 1133 3315 nullis
1146 3265 1211 3317 ossi-

146 3344 332 3415 pellationibns
363 3360 486 3413 magnam
513 3342 581 3395 inter
607 3336 656 3395 bos
699 3340 1130 3413 bus,spinisveintersitis‚csrne
1144 3361 1211 3413 prse-

146 3442 237 3476 omnes
259 3425 342 3497 pisces
363 3422 454 3475 adesse
483 3421 654 3488 affinitatem
699 3422 802 3476 dulci.»
822 3420 873 3474 Cui
892 3420 962 3473 enim
983 3420 1077 3473 similis
1101 3436 1211 3492 prseter-
1236 3477 1241 3487 ,

147 3502 259 3576 ideoque
270 3504 298 3556 in
310 3502 480 3575 pomulorum
492 3501 656 3554 marinorum
699 3521 779 3576 quum
792 3495 904 3553 sturioui
918 3496 1135 3570 adaptabuutur?
1148 3502 1212 3554 Om-

147 3601 241 3655 genere
253 3579 445 3654 comprehendi
459 3599 466 3634 ε
481 3579 515 3633 de
529 3580 562 3632 iis
576 3580 655 3633 etiam
701 3581 729 3634 ni
743 3580 825 3651 igitur
841 3578 944 3631 ratione
960 3578 1090 3649 Georgius
1108 3579 1212 3634 Merula

148 3664 173 3715 in
187 3662 307 3714 Pliniano
327 3658 460 3713 breviario
480 3658 539 3711 libri
551 3658 656 3713 XXXII
701 3660 766 3731 (qui
788 3656 983 3710 oculatissimus
996 3659 1183 3729 grammaticus
1196 3680 1212 3713 a

149 3742 205 3815 legit
212 3741 368 3795 Harduinns
376 3758 384 3793 :
392 3742 506 3807 porcelli,
515 3738 570 3793 sive
577 3744 656 3807 porri.
701 3738 783 3791 Panlo
789 3736 866 3789 torio
883 3737 1048 3808 appellatur)
1057 3736 1074 3789 J
1076 3740 1213 3793 usennlern

148 3822 232 3875 Sturio
242 3822 334 3893 igitur,
343 3819 455 3873 ladanns
465 3857 473 3884 ,
483 3818 602 3889 copesius
615 3818 656 3872 di·
701 3818 846 3878 illustrans,
858 3834 952 3886 parum
966 3817 1075 3869 silurum
1088 3834 1101 3870 a
1115 3818 1213 3872 sturio·

149 3905 214 3955 citur
229 3906 357 3971 porcella,
379 3912 405 3953 et
421 3902 564 3969 percellens
585 3898 657 3965 (uon
702 3916 736 3951 ne
748 3896 839 3948 abesse
855 3895 991 3967 opinatur.
1009 3895 1090 3948 siluri
1109 3897 1213 3971 adipem

146 3988 281 4051 precellere,
287 3996 317 4035 ut
324 3980 398 4053 apud
406 3978 574 4035 nerduinum
582 3979 660 4032 alios·
704 3974 872 4030 commendat
882 3973 983 4027 Plinius
994 3994 1000 4027 :
1015 3976 1113 4029 seimus
1122 3989 1147 4031 et
1158 3990 1214 4030 stu·

149 4066 215 4135 qne),
223 4081 309 4135 quum
321 4062 409 4115 minor
419 4072 456 4114 est
467 4058 592 4112 librarum
602 4060 662 4113 XX.
705 4056 808 4111 sionem
823 4054 901 4129 adipe
914 4056 1060 4110 abundare.
1078 4056 1164 4110 lllnlta
1180 4058 1214 4109 si·

150 4142 205 4195 Vox
229 4142 350 4210 sbilsera,
374 4158 433 4214 quar
451 4138 562 4193 sturioni
585 4137 663 4193 unice
706 4136 759 4191 luri
771 4136 928 4191 salsamenta
939 4134 1216 4189 iuNaturaliHistoria
