3200 5159
364 534 433 622 348
635 535 673 604 C.
701 536 866 608 PLINII
889 537 997 606 NAT.
1023 536 1151 604 HIST.

363 672 472 740 critas.
486 669 614 767 Vivunt
631 670 789 739 Laconici
798 655 824 708 ⁴⁹
841 671 937 738 annis
956 667 1067 756 denis,
1097 668 1227 737 feminae
1246 667 1426 739 duodenis:

363 791 481 846 cetera
494 799 615 870 genere
627 775 811 870 quindenos
825 800 947 863 anuos,
958 772 1134 868 aliquando
1148 787 1183 843 et
1198 775 1351 843 vicenos:
1364 799 1427 844 nec

363 897 435 952 tota
453 905 512 952 sua
536 896 630 951 aetate
655 895 843 976 generant,
880 881 949 950 fere
967 905 988 949 a
1013 880 1209 951 duodecimo
1230 879 1426 951 desinentes.

363 974 521 1057 Felium⁵⁰
541 1003 585 1118 et⁵
594 989 853 1058 ichneumonum
878 985 1027 1081 reliqua,
1054 1000 1093 1056 ut
1112 974 1274 1056 eanum⁵¹.
1300 988 1429 1057 Vivunt

434 1096 439 1107 ·
541 1095 547 1107 ·
589 1091 599 1118 ι

365 1119 457 1163 annis
480 1119 565 1164 sems
602 1148 609 1162 .
1021 1163 1024 1168 .

330 1211 346 1263 8
416 1185 640 1296 Dasypodes⁵³
656 1201 747 1270 omni
764 1223 877 1269 mense
892 1199 1044 1293 pariunt,
1060 1213 1093 1267 et
1107 1197 1330 1292 superfetant,
1343 1198 1429 1267 sicut

366 1307 544 1403 lepores.A
559 1321 657 1401 partu
676 1307 786 1376 statim
793 1291 819 1336 ⁵⁴
836 1303 1025 1399 implentur.
1035 1289 1274 1399 Concipiunt⁵⁵,
1281 1306 1430 1398 quamvis

364 1415 468 1483 ubera
476 1399 501 1438 ⁵⁶
515 1416 658 1483 siccante
673 1414 750 1483 fetu.
765 1414 902 1482 Pariunt
921 1436 1002 1481 vero
1020 1396 1161 1482 eaecos⁵⁷.
1180 1408 1376 1505 Elephanti,
1389 1424 1428 1480 ut

365 1581 453 1634 laboris
467 1580 589 1632 alnei-itas.
601 1580 704 1652 Ingenti
714 1579 875 1634 confidentia
918 1578 975 1642 VI,
989 1595 1048 1649 cap.
1065 1578 1119 1643 33,
1132 1596 1192 1650 pag.
1212 1579 1279 1647 780.
1294 1579 1334 1629 De
1352 1575 1429 1645 dasy-

363 1659 513 1725 Pintianns,
531 1660 649 1731 neglecta
667 1661 787 1713 omnium
800 1659 875 1713 eodi-
918 1655 1117 1729 podediximns
1133 1657 1408 1727 l.v11,eap.81.11.

365 1758 427 1792 eum
435 1738 502 1807 lide,
513 1740 757 1811 rescribit,·major
768 1739 875 1810 postla-
961 1734 1007 1800 511.
1023 1737 1051 1790 A
1062 1749 1137 1806 parte
1149 1741 1239 1788 statim.
1254 1738 1365 1806 Apartu
1378 1735 1432 1788 eoi·

364 1819 484 1872 lahorem
505 1821 662 1872 salacitas.»
692 1822 782 1886 Quum
808 1818 876 1871 nihil
919 1828 976 1868 tum
986 1816 1073 1869 statim
1082 1818 1185 1888 repetit.
1196 1815 1306 1868 Aristot.
1319 1815 1380 1867 loeo
1391 1814 1430 1867 oi·
1455 1859 1459 1863 ,

365 1898 437 1951 aliud
448 1895 551 1952 Plinius
565 1900 687 1952 hocloco
700 1899 779 1963 velit,
796 1918 875 1970 quam
918 1907 986 1959 tato,
999 1897 1051 1949 Kal
1062 1897 1169 1949 τεκοῦσά
1183 1896 1247 1956 εὐθὺς
1260 1897 1380 1964 ipsiusne.
1394 1894 1430 1946 H.

365 1977 438 2048 quod
450 1991 477 2031 et
498 1979 686 2050 Philosophus,
701 1979 767 2031 Hist.
781 1979 874 2030 Anim.
960 1974 1004 2028 ⁵5.
1014 1977 1040 2028 A
1048 1989 1123 2046 partu
1131 1979 1212 2028 statim
1223 1977 1356 2046 implentur.
1364 1973 1431 2026 Οοιι-

365 2058 539 2128 lib.VI‚cap.
553 2077 603 2121 so,
613 2077 671 2129 pag.
685 2065 738 2128 741
753 2048 820 2111 :llari
832 2058 875 2128 μὶν
919 2058 1010 2124 cipiunt
1030 2060 1134 2127 quamvis
1155 2055 1227 2108 ubera
1247 2059 1350 2106 siccam
1363 2054 1437 2122 seta.¹

366 2133 404 2189 οὖν
416 2144 464 2189 τῶν
479 2145 625 2190 Λακωνικῶν
637 2135 683 2190 διὰ
693 2139 721 2190 τὸ
730 2142 811 2190 πονεῖν
821 2140 876 2197 τοὺς
918 2135 1028 2205 Impleri
1042 2150 1068 2188 et
1081 2136 1220 2205 concipere
1231 2132 1301 2186 idem
1314 2146 1361 2186 est.
1377 2134 1432 2185 Ita-

367 2219 468 2288 ἅρῥινας
481 2219 584 2286 μᾶλλον,
593 2216 789 2288 μακροὲιώτιραι
801 2220 826 2271 αἱ
837 2218 878 2274 tel·
919 2233 972 2284 que
990 2216 1102 2268 alterurn
1122 2234 1153 2268 ex
1169 2213 1273 2267 duobus
1286 2213 1373 2266 verbis
1389 2230 1432 2264 re·

365 2303 486 2350 triatrus
502 2297 613 2367 tilpinus.
630 2300 683 2349 «In
692 2315 787 2367 genere
797 2299 878 2350 Laco-
919 2291 1022 2346 dundet
1035 2313 1139 2348 neeesse
1154 2305 1200 2346 est.
1216 2270 1285 2345 Pulo
1302 2292 1429 2352 verbum,

366 2394 445 2439 num,
456 2376 557 2446 inquit,
576 2395 661 2429 mares
676 2395 756 2447 quam
772 2377 878 2430 seminis
920 2377 1067 2444 coricipc'cnt,
1090 2374 1281 2446 expositionem
1301 2371 1380 2424 luisse
1398 2371 1432 2422 il·

367 2455 550 2508 laboriosiores
570 2475 576 2508 ι
602 2457 692 2527 itaque
714 2455 816 2510 idcireo
836 2457 877 2511 hae
919 2453 984 2518 line,
997 2454 1133 2525 implentur.
1145 2451 1220 2506 Idem
1232 2449 1331 2522 dispice
1344 2469 1378 2502 an
1391 2469 1435 2503 ea·

307 2597 309 2606 Ι
366 2535 768 2605 longaevioresmarihussnnt.n
785 2536 877 2591 Hinn.
920 2533 1039 2602 stigatior
1053 2535 1087 2586 sit
1107 2534 1202 2596 lectio,
1222 2543 1329 2583 sectante
1351 2548 1431 2600 quam

408 2620 454 2684 49.
467 2616 559 2665 Vivum
566 2617 688 2669 Laconici.
699 2617 807 2670 Aristot.
817 2635 877 2687 pag,
920 2616 1030 2664 siccante
1037 2613 1202 2675 Aristoteles,
1215 2612 1285 2664 libro
1294 2622 1381 2672 sexto,
1391 2628 1433 2661 ea·

368 2701 440 2762 741,
455 2706 481 2746 et
494 2693 560 2747 Hist.
570 2696 618 2748 lib.
630 2697 666 2760 V,
680 2713 736 2767 cap.
754 2697 804 2762 13,
818 2715 876 2768 pag.
919 2694 974 2763 pite
984 2692 1117 2762 trigesimo
1124 2692 1214 2746 tertio:
1227 2689 1434 2742 -Habetlemina

368 2775 480 2827 seclia
488 2774 789 2844 canisUlyssemhernm
797 2795 878 2847 agno·
920 2772 961 2824 lae
983 2785 1124 2842 antequam
1146 2772 1246 2842 pariat,
1268 2783 1295 2822 et
1315 2788 1330 2820 a
1353 2780 1431 2838 partu

364 2852 403 2903 vit
415 2864 477 2923 post
493 2872 575 2906 annos
590 2854 697 2924 viginti,
717 2874 795 2925 qnam
814 2873 877 2925 pro·
920 2854 1049 2905 continuo
1062 2851 1157 2923 repetit
1170 2850 1287 2914 coitum,
1300 2848 1434 2900 etlactans

366 2930 448 2985 fectus
461 2945 517 2985 erat
530 2934 636 3003 Ulysses
648 2933 682 2986 nd
693 2935 794 2987 bellum
809 2936 878 2988 Tro·
921 2930 1010 2986 adhuc
1021 2931 1140 3003 concipit
1158 2930 1250 2982 letum.
1260 2954 1271 2976 ι
1289 2929 1370 2980 Prnr.

363 3011 877 3085 janum,Homeroquidemteste,0dyss.
963 3011 1008 3066 56.
1027 3014 1142 3081 Qetanws's
1157 3010 1239 3062 ulem.
1261 3007 1349 3060 Etiam
1366 3004 1431 3057 dum

365 3091 394 3151 Ρ,
408 3109 484 3142 versu
498 3091 565 3161 3²7·
575 3093 665 3146 Hssn.
920 3092 1000 3144 lactat
1011 3093 1110 3143 fetum:
1125 3092 1160 3143 Ιτι
1173 3085 1430 3158 θηλαζομιίηῄιιςιιίῑ

407 3169 453 3222 50.
468 3171 577 3236 Febrem,
587 3185 637 3226 etc.
651 3172 759 3225 Aristot.
777 3173 877 3225 llistor.
921 3170 1113 3240 Philosophus,
1126 3169 1186 3222 loco
1201 3169 1287 3221 citato.
1301 3167 1392 3218 ilino.

365 3248 413 3301 lib.
424 3251 478 3313 vl,
490 3269 548 3320 cap.
567 3252 617 3317 35,
628 3271 687 3323 pag.
701 3252 772 3320 783,
783 3252 830 3303 nbi
839 3251 878 3305 fe·
964 3250 1009 3320 57.
1024 3252 1130 3302 Pariunt
1141 3267 1199 3299 wo
1210 3266 1292 3298 cecos.
1313 3245 1345 3297 In
1356 3242 1433 3296 libris

365 3328 402 3380 les
411 3330 701 3401 sunteiltupot,animal
715 3331 743 3382 in
755 3330 879 3384 domibus
922 3329 1030 3401 quidem
1051 3329 1183 3398 plerisque
1202 3327 1313 3396 legitur,
1330 3327 1433 3395 pariunt

366 3406 498 3478 frequens.
510 3408 600 3464 Hann.
818 3435 821 3439 ²
922 3426 1073 3461 nonencors
1090 3406 1273 3478 quodfalsum
1287 3422 1355 3467 esse,
1375 3415 1433 3455 tum

408 3488 453 3540 51.
474 3489 507 3540 Ut
515 3510 607 3543 canum.
622 3491 675 3543 Tot
683 3490 802 3562 pariunt,
813 3503 879 3561 quot
921 3509 963 3541 res
977 3489 1032 3560 ipsa
1045 3499 1071 3538 et
1083 3486 1243 3556 experientia
1256 3485 1434 3547 clamat,tum

366 3585 461 3621 canes:
476 3570 496 3620 ol
514 3565 544 3620 di
564 3571 665 3639 αἴλουροι
678 3572 719 3622 καὶ
741 3571 877 3640 ἰχνεύμοιις
922 3567 1082 3620 Aristoteles.
1103 3566 1147 3618 Sic
1162 3565 1234 3617 enim
1250 3564 1294 3614 ille
1309 3561 1342 3614 de
1356 3561 1434 3633 dasy-

367 3649 487 3700 τίκτουσιν
498 3647 589 3720 ὅσαπερ
598 3649 638 3702 καὶ
650 3651 670 3702 οἱ
680 3651 756 3710 κύνες.
769 3651 877 3785 Δι’,
921 3647 1007 3719 pode,
1019 3646 1119 3698 Hister.
1128 3644 1242 3696 Animal.
1252 3643 1298 3694 lib.
1306 3643 1359 3703 VI,
1373 3660 1433 3711 cap.

366 3728 418 3778 loe.
435 3727 479 3779 cit.
491 3725 581 3781 Ηιιιι).
924 3728 975 3793 33,
988 3746 1048 3796 pag.
1065 3727 1117 3795 781
1129 3744 1137 3778 ι
1147 3727 1230 3777 Τίκτει
1241 3720 1270 3775 <ll
1286 3721 1380 3789 τυφλὰ,
1391 3720 1435 3772 in·

408 3805 455 3860 5².
471 3807 560 3860 Virum
575 3811 644 3860 annis
655 3812 723 3859 senas.
733 3807 813 3861 Arist.
826 3810 877 3861 loe.
922 3808 1077 3878 quit,d›ontp
1085 3803 1203 3858 tinelli
1213 3810 1259 3856 τῶν
1269 3795 1435 3868 πολυσχιδῠν.

366 3886 410 3939 cit.
431 3885 532 3940 Scimus
553 3901 641 3940 tamen
659 3887 823 3957 experientia
837 3888 878 3938 vi·
925 3913 936 3934 ι
948 3886 1020 3938 Parit
1041 3903 1140 3948 caecos,
1155 3885 1223 3936 sicut
1243 3881 1369 3951 pleraque
1389 3898 1434 3931 eo·

368 3985 429 4017 vere
443 3967 506 4018 feles
517 3965 551 4019 ad
562 3987 646 4020 annos
669 3968 748 4020 etiam
764 3965 878 4038 quinde-
921 3986 996 4030 rum,
1007 3984 1066 4035 ane
1077 3962 1157 4034 pedes
1167 3963 1195 4014 in
1211 3959 1435 4013 multalissosha·

307 4065 309 4076 ⁴
367 4045 527 4099 noellasn.
921 4047 1015 4100 beot.-
1040 4042 1174 4095 librarios
1195 4039 1302 4112 impulit
1317 4040 1345 4091 in
1361 4056 1435 4091 erm·

409 4125 453 4178 53.
472 4125 622 4198 Dasypodes.
642 4125 721 4179 Arist.
743 4125 812 4179 llist.
829 4125 876 4178 lih.
922 4145 979 4178 rem
992 4124 1105 4177 affinitas
1117 4121 1232 4174 duarum
1245 4120 1434 4182 litterarum,u
