3200 5159
366 484 443 574 432
634 488 673 557 c.
701 489 873 558 resurr
901 489 1013 560 sir.
1041 489 1169 558 insu.

366 621 456 690 mine
468 616 556 701 tolli,
576 617 798 716 fictilibusque
818 622 903 690 vasis
921 635 1037 716 tepore
1052 637 1086 690 et
1100 621 1266 691 furfurum
1282 643 1357 690 esca
1374 645 1439 689 nu-

365 729 439 795 triri
467 745 475 787 2
510 741 609 820 atque
638 728 683 796 itu
712 728 866 798 subnasci
894 730 944 796 sui
978 730 1107 824 generis
1140 727 1289 822 plumas,
1314 727 1439 858 qsuibus

365 835 502 902 vestitos
522 832 564 900 ad
587 831 652 902 alia
682 834 806 928 pensa⁷
835 833 966 904 dimitti.
996 837 1080 923 Quae
1103 858 1184 903 vero
1213 849 1323 928 coepta
1371 835 1439 902 sint

366 937 525 1025 lanificia,
543 938 704 1008 humore⁹
726 937 929 1028 lentescere,
947 965 1025 1010 mox
1042 943 1076 1009 in
1090 939 1146 1009 fila
1165 941 1293 1010 tenuari
1312 941 1438 1034 junceo

367 1044 481 1114 suso¹⁰.
497 1047 568 1114 Nec
586 1045 706 1141 puduit
718 1047 779 1116 has
797 1061 905 1118 vestes
926 1071 1088 1140 usurpare
1108 1047 1207 1116 etiam
1224 1049 1335 1130 viros,
1353 1043 1437 1115 levi·

367 1150 500 1222 tctem¹¹
526 1167 664 1247 propter
693 1156 850 1223 estivam.
883 1156 924 1222 In
956 1167 1086 1224 tantum
1115 1179 1136 1222 a
1164 1151 1264 1222 lorica
1289 1151 1438 1246 gerendo

368 1258 546 1328 discessere
561 1283 686 1343 mores,
705 1275 744 1328 ut
763 1261 858 1328 oneri
878 1261 921 1332 sit
934 1261 1032 1330 etiam
1054 1260 1165 1329 vestis.
1178 1259 1310 1353 Assyria
1323 1273 1437 1328 tamen

368 1363 530 1459 bombyce
548 1364 658 1434 adhuc
674 1366 803 1435 seminis
818 1365 975 1436 cedimus.

336 1497 348 1531 1
422 1473 584 1542 XXVIII.
604 1464 733 1562 (xxiv.)
749 1477 955 1542 Araneorum
969 1473 1020 1540 his
1036 1496 1103 1540 non
1118 1470 1260 1541 absurde
1273 1470 1437 1566 jungetur

367 1594 502 1664 natura,
521 1577 622 1672 digna
639 1577 692 1647 vel
701 1581 866 1675 praecipue
878 1575 1102 1648 admiratione.
1117 1575 1217 1646 Plura
1230 1593 1341 1647 autem
1357 1593 1437 1648 sunt

368 1709 589 1782 genera‚.nec
607 1683 699 1754 dictu
717 1687 901 1754 necessarie
919 1686 954 1754 in
973 1699 1065 1754 tanta
1085 1685 1211 1753 notitia.
1231 1681 1433 1780 Phalangia¹

368 1817 410 1861 ex
432 1791 484 1860 his
508 1789 735 1885 appellantur,
757 1817 899 1886 quorum
924 1792 1014 1860 noxii
1038 1815 1190 1875 morsus,
1220 1814 1342 1885 corpus
1368 1792 1436 1859 exi-

370 1922 490 1994 guum,
510 1898 659 1983 varium,
679 1900 903 1967 acuminatum
918 1895 945 1984 ²,
964 1883 1136 1966 assultim³
1168 1896 1435 1992 ingredientium.

368 2003 482 2074 Altera
502 1989 635 2071 eorum⁴
652 2004 796 2098 species,
814 2005 917 2099 nigri,
935 2003 1099 2098 prioribus
1117 2003 1268 2073 eruribus
1284 2003 1439 2099 longissi-

369 2235 462 2290 culum
474 2245 645 2307 representat
662 2235 776 2289 similem
790 2239 815 2290 ei
829 2253 884 2307 quo
927 2253 1024 2307 squam
1040 2233 1145 2288 abunde
1156 2235 1287 2308 exprimi?
1299 2235 1391 2290 Hirro.
1405 2265 1442 2280 —·

370 2333 398 2366 se
407 2314 490 2368 nostri
499 2313 645 2385 bombyces
653 2312 802 2367 includunt.
814 2315 849 2367 Η.
927 2317 1095 2382 ereeofuso.
1109 2313 1141 2366 In
1153 2314 1206 2377 fils,
1214 2315 1311 2387 inquit,
1321 2316 1442 2369 lanificis

407 2413 432 2465 7.
451 2396 495 2446 Aa
512 2396 565 2443 alia
580 2412 669 2460 pensa.
693 2391 735 2446 Ad
757 2393 883 2446 arborum
928 2393 983 2446 liter
997 2393 1168 2446 deducuntur
1188 2413 1221 2447 sc
1239 2406 1391 2460 tenuentur,
1403 2395 1440 2448 si·

371 2473 523 2544 lanuginem
535 2471 813 2537 tornamentorum,
826 2491 884 2525 cur·
927 2473 1035 2546 mulque
1041 2479 1139 2538 junceo
1149 2473 1207 2526 fuso
1215 2469 1398 2526 involvuntur.
1407 2475 1441 2528 H.

370 2550 730 2618 minandsmnenuandsm,
750 2571 798 2604 suo
810 2551 885 2604 deni·
966 2571 1006 2606 ιι.
1019 2557 1157 2605 mitatem.
1175 2551 1249 2606 MSS·
1268 2551 1323 2604 lere
1337 2571 1440 2614 omnes.

370 2649 424 2701 qne
431 2631 536 2703 corpori
547 2629 753 2694 involvendum,
763 2643 793 2683 ut
802 2627 884 2703 prius.
928 2636 1023 2686 levitate
1030 2646 1159 2702 propterea
1169 2635 1263 2684 oestiva.
1279 2631 1377 2686 Sensus
1387 2643 1442 2695 est,

370 2708 465 2762 ilino.
928 2723 1067 2783 usurpatas
1081 2729 1097 2764 a
1112 2711 1175 2763 viris
1187 2729 1294 2782 quoque
1304 2723 1442 2765 vestesess

406 2790 432 2842 8.
447 2795 509 2857 Ques
519 2807 581 2840 cero
590 2803 679 2858 capra.
689 2788 832 2860 susceptu,
844 2789 884 2841 in·
929 2810 1001 2855 esse,
1015 2793 1050 2844 ob
1061 2790 1200 2844 delicatum
1214 2790 1348 2844 levitatem
1360 2791 1442 2845 estati

369 2868 469 2922 stitnts.
487 2869 521 2920 ln
536 2867 612 2921 MSS.
627 2869 691 2940 Reg.
716 2888 741 2933 r,
763 2888 788 2930 s,
803 2883 884 2938 capta.
929 2871 1136 2924 convenientem.
1150 2871 1239 2922 Hinc.

369 2948 449 3002 colb.
467 2965 489 3007 1,
504 2968 529 3012 s,
542 2948 656 3020 aliique,
669 2947 857 3016 crumilum.
963 2949 1095 3004 xxvnt
1111 2969 1133 3002 r.
1144 2951 1295 3018 Phalangis.
1306 2947 1442 3002 Aristotel.

406 3047 431 3096 9.
442 3032 560 3080 Honore.
577 3028 654 3098 Aque
662 3027 885 3100 tepente,ntqui-
928 3029 996 3084 ltin.
1013 3029 1101 3082 Anius.
1113 3029 1159 3082 lib.
1179 3029 1235 3092 tx,
1252 3048 1309 3101 cup.
1323 3029 1366 3092 63,
1378 3048 1439 3100 pag.

371 3105 433 3160 dem
456 3108 588 3161 existimo.
603 3108 647 3161 sic
664 3108 735 3160 enim
753 3107 780 3158 in
794 3105 886 3178 tepido
933 3127 1010 3173 iror;
1029 3108 1074 3163 sed
1089 3107 1124 3162 de
1139 3109 1180 3162 his
1194 3109 1278 3162 multo
1293 3108 1442 3162 accuratius

370 3205 442 3259 aqua
461 3186 558 3240 inditos
581 3187 713 3241 folliculos
732 3197 886 3240 nostrorum
929 3189 1044 3246 Plinius.
1061 3189 1108 3241 lib.
1123 3187 1232 3252 xxix,
1245 3205 1303 3258 cup.
1321 3185 1441 3257 27.1³ha-

370 3285 478 3338 quoqne
502 3267 662 3340 bombycum
684 3267 886 3338 deglomersnt,
930 3269 1017 3341 lnngia
1032 3268 1116 3322 Greci
1129 3279 1224 3321 vocant
1241 3285 1351 3320 araneas
1371 3284 1442 3320 mor·

370 3357 505 3417 captantes
515 3347 828 3419 espitslllorum.llsnn.
930 3347 1008 3402 daces
1028 3367 1059 3401 sc
1078 3357 1230 3401 venenatus.
1246 3345 1307 3400 Non
1332 3365 1388 3400 esse
1403 3360 1442 3396 ta·

409 3443 449 3478 ro.
466 3431 560 3478 Junceo
573 3430 645 3495 fluo.
660 3425 887 3480 Sslmss.inTer-
930 3431 1055 3480 rancidam
1072 3426 1226 3482 docebimus
1239 3425 1287 3479 lib.
1301 3423 1441 3490 xm,c.

371 3504 428 3556 tull.
456 3503 490 3558 de
520 3505 625 3569 Pellio,
655 3507 773 3574 junceum
796 3505 885 3574 fissum
931 3506 1002 3558 citet.
1016 3505 1107 3561 Hsnn.

372 3602 460 3636 meros
478 3603 535 3637 esse
551 3603 634 3656 nugas
646 3585 824 3657 pronunciet:
839 3585 887 3638 its·
967 3605 990 3638 ι.
1013 3589 1194 3640 Λσιυηίηαωιη.
1222 3575 1269 3646 dtu
1292 3582 1440 3644 Aristoteli,

372 3681 425 3735 que
435 3663 555 3736 reponit,
558 3667 648 3731 juncto
652 3665 724 3732 foen
736 3667 769 3717 At
782 3662 887 3718 illudne
930 3665 1002 3736 quod
1015 3665 1061 3718 ulii
1073 3663 1195 3719 vividum
1213 3677 1239 3717 et
1253 3662 1323 3734 ngile
1340 3662 1442 3714 malunt

372 3754 418 3794 sut
429 3743 587 3805 Plinianum,
596 3753 642 3795 snt
653 3744 762 3796 omnino
772 3743 886 3798 latinum
930 3744 1106 3818 interpretari.
1116 3743 1207 3796 Hunis.

372 3823 515 3895 quisquam
525 3834 665 3895 agnoscat,
679 3842 728 3894 pro
740 3827 800 3892 igne
812 3827 885 3876 adtt-
965 3825 989 3878 3.
1008 3827 1134 3877 Assnlu'm.
1153 3821 1282 3876 Aristotel.
1301 3817 1442 3882 nndnrm‘m,

372 3905 442 3952 tito?
455 3905 526 3954 Num
539 3902 646 3955 brevius
662 3901 788 3968 dixisset,
805 3906 886 3972 tepido
929 3903 1002 3977 quod
1013 3905 1059 3957 ubi
1072 3903 1129 3956 vult
1142 3901 1219 3956 saltet
1233 3921 1240 3954 :
1255 3907 1349 3965 saltas,
1364 3899 1387 3952 si
1402 3901 1442 3952 fes

373 3985 480 4049 driuson,
492 3983 533 4036 vel
543 4001 611 4050 aqua
619 3995 725 4050 tepente,
736 3981 778 4036 vel
786 3985 887 4035 humcm
929 3997 968 4037 est
977 3986 1014 4037 ita
1023 3981 1121 4036 dicere.
1130 3981 1221 4036 Hirro.

373 4061 477 4125 solnm,
493 4079 546 4133 qne
566 4080 634 4116 voce
651 4062 751 4115 scimus
769 4061 884 4133 tepidam
965 4071 989 4126 4.
1003 4068 1088 4116 Altera
1106 4082 1197 4114 eorum.
1214 4061 1316 4134 Nempe
1328 4057 1442 4131 phalan-
