3200 5159
335 461 338 478 ’
395 514 473 611 492.
657 503 1198 584 c.r1.1u11rir.u1sr·.
1301 599 1306 606 ¹

393 661 526 735 ventur,
538 645 624 717 sicut
633 644 886 741 quadrupedum
901 667 1009 714 sures.
1026 645 1158 734 Quibus
1172 632 1331 740 singilia³³
1348 639 1461 744 operi

394 769 522 842 ments,
545 755 584 822 iis
607 750 696 822 oculi
715 752 800 822 duri.
822 753 947 821 Omnia
966 750 1063 839 talia,
1084 767 1118 820 et
1137 753 1263 846 pisces,
1281 767 1317 823 et
1333 755 1462 825 insecta

393 885 462 930 non
480 844 639 990 hasbent³⁴
656 882 772 954 genas,
786 882 849 928 nec
865 860 1018 952 integunt
1033 856 1156 927 oculos.
1176 858 1342 929 Omnibus
1357 885 1463 931 mem·

395 950 531 1036 brana³⁵
547 965 626 1034 vitri
644 965 745 1035 modo
764 962 966 1034 translucida
981 963 1183 1034 obtenditur.

280 1095 281 1098 ¹
360 1102 373 1139 1
445 1076 535 1143 LVI.
558 1070 757 1168 Palpebrae
748 1094 783 1139 m
803 1073 895 1165 genis
902 1069 1051 1139 ¹homiui
1070 1073 1246 1165 utrimque.
1261 1063 1461 1144 Mulieribus

392 1180 491 1250 rero¹
513 1180 611 1248 etiam
631 1178 760 1248 iniectae
773 1176 1003 1308 quotidiano
992 1180 1099 1246 Tanta
1112 1192 1162 1246 est
1174 1177 1304 1248 decoris
1322 1180 1461 1249 affecta·

393 1289 461 1374 tio,
473 1300 512 1356 ut
531 1287 726 1424 tinguantur
745 1283 835 1354 oculi
853 1268 1014 1378 quoque³.
1032 1282 1106 1353 Alia
1125 1284 1166 1353 de
1186 1308 1285 1354 causa
1305 1284 1373 1356 boc
1391 1289 1461 1359 Na·

318 1397 321 1404 ⁴
392 1409 467 1464 tura
487 1380 653 1474 dederat,
674 1416 735 1462 ceu
757 1388 881 1459 uallum
895 1389 1117 1487 quoddam
1084 1414 1194 1481 visus,
1215 1406 1249 1461 et
1268 1394 1462 1487 prominens

431 1575 480 1632 33.
510 1575 603 1648 Quibus
619 1574 736 1645 fragilia.
764 1573 906 1627 emisses
949 1572 998 1626 Ηο
1020 1573 1154 1645 utrimque
1178 1573 1282 1627 homiui
1304 1587 1383 1641 suut,
1408 1576 1461 1630 boe

391 1657 504 1722 seilicet,
515 1673 574 1728 que
584 1667 672 1708 crusta
683 1653 771 1726 fragili
780 1653 906 1725 integun-
949 1665 1005 1718 est,
1027 1670 1141 1724 superne
1160 1655 1260 1723 puriter
1282 1665 1310 1707 et
1335 1655 1459 1720 inferne,

392 1748 444 1790 tur.
458 1737 541 1791 Arist.
553 1737 605 1787 loe.
618 1735 661 1787 eit.
673 1732 706 1786 rit
717 1735 762 1804 pie
774 1731 822 1804 γὰρ
834 1740 906 1788 sele·
948 1751 1028 1804 supra
1047 1745 1075 1785 et
1091 1733 1175 1797 inim,
1190 1734 1241 1786 diss
1256 1734 1300 1787 eui
1312 1734 1399 1794 κᾶτα,
1416 1735 1460 1790 iu·

389 1813 499 1889 ρι’διρμιι
508 1817 594 1870 πάντα
602 1813 789 1885 estupr'ptrtpsi
800 1815 859 1884 ieri.
870 1811 905 1865 ll.
948 1813 1009 1883 quit
1020 1811 1119 1865 Pbilos.
1129 1813 1178 1866 lib.
1189 1815 1204 1866 1
1215 1815 1284 1868 Hist.
1294 1814 1386 1868 duim.
1398 1832 1459 1886 op,

431 1897 476 1961 34.
490 1897 549 1950 Nou
568 1894 662 1958 babent.
683 1893 739 1946 Nos
758 1890 903 1964 palpebris
946 1909 1008 1964 pag.
1021 1894 1066 1944 6⁵.
1080 1893 1174 1946 llsun.

391 1975 522 2042 dicimus,
538 1977 648 2045 βλέφαρα
667 1972 764 2026 (ἔτεσί.
788 1973 846 2026 Cur
863 1971 906 2025 bis
990 1989 1016 2025 s.
1029 1972 1191 2042 Palpsbroein
1200 1976 1268 2043 genis
1277 1975 1369 2027 homiui
1377 1978 1459 2027 ιιτιιίν

391 2074 428 2110 ete
438 2054 541 2119 desint,
556 2072 661 2107 causam
675 2051 855 2124 Philosophus
866 2052 905 2106 ui
947 2071 1000 2123 que.
1024 2051 1167 2104 Medieribus
1187 2071 1246 2105 vero
1268 2059 1340 2106 ettae
1361 2057 1457 2123 inserto

391 2136 444 2189 iert
455 2136 506 2188 loe.
522 2134 566 2188 cit.
581 2132 672 2186 lirun.
814 2163 817 2168 -
946 2131 1095 2204 quotidiano
1109 2132 1149 2186 ltu
1161 2131 1270 2203 quidem
1280 2133 1344 2186 libri
1355 2153 1457 2188 omnes

432 2215 480 2270 35.
490 2215 590 2266 Pisces..
594 2231 657 2264 non
665 2209 842 2282 liabentpenus
850 2221 902 2264 ete.
946 2212 982 2264 At
992 2209 1093 2282 quidsi
1106 2211 1190 2283 legas,
1207 2212 1457 2268 mulieribusem

390 2295 527 2366 Plerisque
540 2293 652 2364 piscium
663 2291 790 2362 palpebre
803 2308 903 2362 neque·
946 2291 1026 2345 etium
1038 2291 1142 2344 iniectu
1152 2280 1329 2362 quotidisnu·
1340 2292 1456 2347 tum

390 2393 471 2446 quem
485 2372 602 2426 mobilis.
615 2369 784 2437 Quibusdam
797 2381 903 2423 tuntum
945 2371 1130 2422 -Mulieribus
1137 2390 1197 2423 veru
1206 2375 1279 2423 etium
1288 2371 1401 2440 inferta,⁸
1404 2386 1455 2428 etc.

389 2453 467 2525 pellis
476 2471 531 2525 prse
540 2449 618 2505 oculo
629 2449 804 2515 obtenditur,
815 2449 903 2503 nullos
946 2447 1133 2516 Quotidiausm
1143 2450 1314 2506 iniectionem
1323 2452 1456 2506 reetePli·

389 2533 417 2586 iu
428 2535 501 2587 sinus
510 2532 644 2603 replicate.
655 2531 710 2596 Qui
719 2530 833 2602 piscium
843 2547 903 2584 osse
944 2531 1005 2583 nius
1016 2543 1092 2585 voest
1101 2548 1164 2583 eum
1175 2543 1308 2585 ornatum.
1318 2532 1388 2585 Nem
1399 2531 1456 2604 qui·

388 2614 488 2668 hubent
499 2612 541 2666 his
556 2612 658 2684 angulis
672 2610 769 2682 singuli
781 2609 810 2662 in
823 2606 902 2663 oculo
944 2606 995 2664 bus
1007 2609 1162 2663 mulieribus
1172 2610 1238 2664 illitu
1252 2612 1316 2665 suco
1328 2613 1408 2665 semel
1417 2623 1456 2664 est

388 2695 509 2747 velamen
521 2692 667 2764 praeierunt
676 2690 800 2744 verdunis
811 2702 839 2742 et
853 2690 903 2742 im·
945 2688 1040 2756 iacies,
1052 2689 1081 2741 id
1093 2690 1146 2742 nisi
1156 2688 1277 2761 quotidie
1288 2692 1350 2754 fist,
1360 2691 1455 2764 turpis·

386 2769 737 2843 motum,quodpartieulam
745 2770 816 2823 oculi
822 2767 902 2821 dum·
943 2768 1017 2822 simis
1028 2768 1101 2840 rugis
1115 2779 1143 2821 et
1156 2767 1246 2822 lurido
1261 2770 1353 2824 oolore
1365 2770 1452 2824 stetim

389 2864 462 2906 texat
477 2851 573 2923 operit.
589 2851 689 2904 Piscem
709 2850 790 2901 Ιιιιιαιιι
809 2848 902 2901 oculus
944 2847 997 2902 illie
1009 2847 1155 2902 miserrime
1166 2848 1310 2902 studentur.
1326 2852 1426 2904 uim.

387 2932 537 3003 distinguit,
550 2949 629 3004 quem
641 2929 725 3001 possit
737 2941 824 2982 totum
835 2945 903 3000 ope-
985 2927 1013 2982 3.
1023 2925 1209 2997 {stringuntur
1218 2931 1283 2981 oculi
1293 2949 1393 3001 puroque.
1404 2931 1454 2982 lu·

388 3013 442 3065 rire
453 3012 584 3084 palpebre
596 3008 767 3063 orbiculatim
784 3009 901 3060 terebru-
943 3026 1004 3062 reu.
1018 3007 1073 3060 Sat.
1083 3007 1121 3072 11,
1133 3007 1186 3077 93:
1199 3033 1210 3056 ι
1221 3007 1271 3062 lile
1283 3006 1454 3080 supereilium

387 3086 901 3163 ts,splrincterisquecujusdumsuxilio
942 3085 1050 3140 madida
1067 3085 1178 3159 iuligine
1202 3088 1316 3141 tinctum
1340 3090 1455 3161 Obliqus

387 3190 442 3225 sese
471 3168 622 3224 occludens.
649 3167 774 3221 Dilutrtio
798 3166 830 3220 fit
851 3185 901 3238 per
942 3166 1070 3240 producit
1080 3185 1162 3220 acu.»
1179 3167 1263 3220 Divus
1273 3169 1454 3240 Hieronymus

386 3251 505 3323 quinque
516 3246 900 3318 musculosrsdirtos,quiimo
942 3245 1010 3298 orda
1028 3258 1107 3300 voert
1126 3247 1198 3300 stibio
1214 3249 1372 3317 suiipimtos.
1383 3247 1454 3301 Vide

386 3331 481 3384 orbitis
494 3325 681 3383 adnectuntur.
695 3329 743 3381 Ar.
941 3325 1055 3397 lthodig.
1071 3327 1126 3392 ΙΙΙ,
1138 3346 1197 3399 usp.
1213 3329 1258 3381 ss.
1273 3328 1376 3381 Diuo.

427 3410 500 3462 LVI.
516 3429 540 3462 1.
552 3409 683 3478 Ραὶρεῦιιι
691 3410 716 3460 iu
723 3409 800 3478 genis.
811 3405 900 3459 Genus
983 3415 1009 3470 4.
1021 3409 1079 3460 Hoe
1086 3406 1185 3461 Natura
1195 3405 1302 3460 dederet.
1313 3408 1453 3478 Palpebras

385 3489 503 3562 appellat
512 3489 650 3542 oculorum
666 3498 831 3560 tegumenta,
841 3485 899 3557 pul·
940 3485 1085 3553 uimiunu,
1107 3486 1179 3547 sive,
1196 3499 1227 3539 ut
1244 3500 1304 3539 mos
1323 3499 1365 3539 est
1380 3505 1453 3540 nune

386 3570 483 3641 pebrus
496 3569 614 3641 pilorum
626 3568 725 3621 vallum
735 3607 742 3630 ,
754 3565 898 3619 utTullius
940 3565 1086 3638 loquendi,
1098 3566 1287 3638 palpebrarum
1301 3566 1455 3637 pilos.'l'ul·

386 3649 520 3721 loquitur,
534 3649 582 3701 lib.
600 3649 627 3702 11
640 3647 675 3701 de
693 3647 754 3700 Nat.
766 3647 849 3700 Deor-
866 3664 895 3717 p.
940 3646 993 3699 lius
1002 3648 1135 3717 eleganter
1145 3646 1197 3699 loc.
1210 3647 1255 3701 eit.
1270 3647 1453 3717 «Munitxeque

390 3733 458 3792 108,
474 3729 574 3801 quihus
595 3729 659 3800 ipsse
677 3727 811 3798 palpebre
832 3735 906 3777 suut<
940 3737 1002 3779 sunt
1020 3727 1155 3798 palpebre
1173 3738 1308 3798 tamquam
1324 3727 1396 3779 vallo
1410 3727 1452 3798 pi·

386 3809 506 3863 munitae.
528 3807 689 3880 igiturque
712 3805 799 3859 Plinio
822 3823 896 3877 geum
938 3806 1026 3859 lorum
1042 3825 1049 3858 τ
1066 3807 1166 3877 quibus
1183 3819 1210 3859 et
1230 3805 1329 3876 apertis
1350 3805 1451 3870 oeulis,

385 3889 520 3950 dicuntur,
530 3887 572 3941 bu
578 3888 668 3942 Tullio
675 3885 896 3959 palpebrretquus
939 3883 1038 3958 siquid
1053 3883 1201 3950 incideret,
1216 3885 1409 3954 repelleretur:
1425 3896 1452 3937 et

385 3971 430 4023 ille
444 3969 594 4042 palpebras,
608 3963 758 4038 βλεφαρίδας
768 3965 826 4026 ulii,
843 3967 896 4019 hoe
938 3984 1032 4019 somno
1041 3966 1259 4031 munientibus,
1268 3982 1353 4037 quum
1368 3964 1451 4018 oculis

385 4062 438 4114 est,
448 4052 534 4119 τρίχας
546 4051 680 4118 ἐσχάτους,
693 4047 762 4120 pilos
776 4046 823 4117 qui
836 4046 895 4117 psl·
938 4045 972 4100 sd
986 4044 1149 4099 cernendum
1162 4065 1218 4099 nun
1231 4063 1385 4115 egeremus,
1399 4044 1453 4097 uti·

386 4135 527 4206 pebrururu
546 4149 605 4184 oras
626 4128 767 4192 ambiunt,
788 4139 893 4183 vocant.
938 4125 1448 4199 quetumqusminvolutiquiesrereut.·
