3200 5159
391 536 468 621 ilio
655 542 693 607 C.
723 542 896 611 PLlNll
923 541 1034 610 Nar.
1064 540 1192 609 HiSl'.

390 670 545 764 gignant,
580 670 670 763 quorl
702 672 893 741 animalium
928 671 1101 739 minimum
1132 671 1346 739 existimatur.
1384 660 1455 740 itta

387 800 502 844 rursus
524 792 725 869 generantur
746 778 898 847 sordibus
918 802 935 846 a
960 776 1053 849 radio
1076 774 1202 860 solis¹⁰,
1234 777 1454 870 posteriorum

388 879 520 949 lascivia
537 906 673 952 crurum
693 883 920 979 petauristae¹¹.
940 882 1014 953 Alia
1032 882 1170 978 pulvere
1188 882 1326 951 humido
1347 884 1380 951 in
1399 909 1453 952 ca·

385 989 512 1071 vernis,
529 987 685 1058 volucria.

353 1122 365 1157 a
439 1096 511 1162 XL.
521 1087 661 1183 (xxxiv.)
674 1100 733 1167 Est
743 1096 864 1166 animal
879 1096 1026 1191 ejusdem
1039 1096 1198 1190 temporis
1209 1092 1238 1174 ¹,
1254 1094 1355 1163 infixo
1370 1118 1455 1163 sem·

384 1224 446 1294 per
460 1202 611 1295 sanguini
626 1204 733 1297 capite
752 1205 886 1289 vivens,
905 1216 1006 1302 atque
1023 1204 1067 1270 ita
1083 1203 1327 1288 intumescens,
1347 1226 1452 1271 unum

385 1375 447 1411 saue
458 1369 497 1409 est
512 1373 519 1409 :
534 1356 596 1427 ipsa
608 1356 679 1410 enim
693 1377 786 1412 cerna
802 1371 894 1430 putre·
983 1376 1028 1411 ιι.
1038 1357 1193 1408 Petauristoe.
1208 1354 1241 1407 Id
1254 1356 1351 1408 rectius
1365 1356 1453 1409 risum

385 1435 547 1489 dinecoetera
554 1435 894 1492 vindicanthceraetism
939 1450 978 1489 est
990 1454 1070 1509 quum
1084 1440 1287 1506 petauristarum,
1299 1448 1330 1488 ut
1348 1436 1451 1489 Frobe·

385 1528 505 1578 vetusta,
519 1516 606 1587 inquit
623 1516 814 1589 Philosophus,
826 1518 894 1571 Hist.
938 1516 999 1569 nius
1011 1518 1087 1587 prior
1096 1515 1240 1586 rescripsit.
1252 1516 1284 1568 ln
1302 1515 1378 1569 MSS.
1394 1534 1452 1567 om·

385 1595 474 1647 Anius.
488 1594 535 1648 lib.
546 1596 582 1659 V,
597 1614 655 1667 cap.
677 1614 723 1667 27,
743 1616 803 1669 pag.
826 1597 895 1661 631,
938 1594 1452 1666 nibus,petauristantumlegitur.ldem

385 1676 481 1745 ἰνκηρῷ
488 1678 675 1747 παλαιουμίνῳ,
688 1694 742 1728 non
756 1677 841 1730 secius
855 1677 894 1748 gi·
938 1674 1085 1727 Phobenius
1095 1690 1201 1727 rursum
1217 1675 1298 1745 paulo
1313 1687 1394 1745 post,
1407 1693 1451 1727 re·

383 1754 482 1824 guitur,
494 1772 574 1825 quam
586 1756 613 1808 in
629 1754 703 1808 arido
714 1754 787 1827 ligno
796 1756 894 1809 animal
939 1765 1070 1808 tustorum
1079 1753 1451 1826 codicum,priorumquean·

383 1831 544 1899 candidum,
564 1833 639 1906 quod
655 1836 776 1888 omnium
793 1836 894 1888 anime-
938 1845 964 1886 te
977 1852 1006 1887 se
1017 1832 1166 1886 editionum
1180 1834 1449 1904 auctoritatum,

383 1912 449 1965 lium
460 1913 603 1967 minimum
619 1913 725 1967 ridetur
738 1934 803 1979 esse,
809 1928 836 1968 et
845 1933 894 1967 vo·
938 1914 985 1965 ubi
996 1912 1031 1967 (le
1042 1913 1129 1967 ricino
1140 1913 1450 1984 agitur,uairsaie1usdern

383 2005 459 2045 catur
482 1994 554 2065 a'uupi
574 2006 685 2065 propter
709 1995 893 2065 exiguitatem,
938 1994 1095 2064 turpitudinis
1107 1992 1226 2064 scripsit,
1242 2010 1325 2064 quum
1344 1993 1449 2062 ejusden

384 2073 458 2143 quasi
470 2071 543 2144 quod
557 2072 675 2138 tonderi,
688 2074 823 2144 xripsairu,
838 2094 894 2127 non
938 2078 1047 2142 temporis
1066 2072 1129 2125 libri
1149 2090 1242 2125 omnes
1261 2072 1419 2125 exhiberent
1440 2090 1448 2125 ε

382 2163 485 2222 potest,
500 2153 577 2205 sicuti
591 2170 639 2205 nee
656 2165 787 2224 punctum
801 2154 892 2207 securi.
936 2152 1047 2224 ipsaque
1058 2152 1137 2204 series
1149 2151 1275 2205 orationis
1284 2152 1319 2204 its
1336 2151 1452 2222 postula·

383 2230 453 2283 Sunt
464 2232 510 2303 qui
523 2232 672 2285 existiment
683 2232 735 2285 hoc
749 2234 894 2286 animalcu·
936 2245 995 2297 ret,
1015 2245 1045 2284 ut
1058 2231 1276 2303 interpretatione
1287 2242 1378 2283 nostra
1390 2232 1449 2301 pla·

384 2311 439 2364 lum
451 2330 507 2365 esse
519 2328 641 2364 cussum:
665 2311 709 2365 ulii
726 2313 823 2365 cariem
841 2331 892 2383 pu·
936 2328 1005 2363 num
1024 2312 1122 2364 lactum
1138 2323 1193 2375 est,
1216 2324 1244 2364 et
1263 2308 1450 2363 emendatione

379 2402 437 2444 tant
451 2408 505 2443 esse
520 2408 527 2443 τ
545 2392 628 2443 caries
642 2392 713 2443 enim
730 2392 848 2444 ambulat
866 2404 893 2445 et
936 2409 981 2455 es,
997 2408 1056 2462 quer
1072 2391 1141 2443 hanc
1158 2390 1279 2461 proxime
1297 2390 1446 2443 antecessit.

382 2468 542 2535 erodit,etsi
557 2471 640 2523 oculis
653 2471 749 2523 nostris
764 2490 820 2523 non
834 2490 891 2523 mo·
935 2468 1028 2523 liano.
1038 2502 1079 2513 -
1094 2471 1247 2522 Petauristae.
1263 2470 1321 2521 lloc
1338 2482 1393 2534 est,
1406 2488 1448 2521 sa·

381 2550 565 2603 vetunllsnn.
935 2549 1060 2602 fientibus
1085 2550 1128 2602 his
1153 2550 1216 2620 ipsis
1236 2548 1377 2612 sordibus,
1400 2550 1448 2601 uhi

425 2647 467 2682 ιο.
480 2628 596 2682 Sardibus
606 2650 622 2681 a
633 2630 702 2683 radia
710 2631 775 2682 solis.
787 2631 848 2683 lloo
858 2630 891 2683 il·
935 2630 1049 2682 animam
1070 2646 1204 2698 accepere.
1219 2630 1278 2681 lloc
1302 2628 1446 2680 verborum

379 2707 472 2761 ludest
483 2708 556 2780 quod
566 2708 743 2781 Philosophus
754 2711 891 2781 aliquanto
935 2708 1037 2761 ambitu
1060 2709 1178 2779 pulices,
1198 2706 1288 2771 eredo,
1310 2705 1447 2761 describit.

379 2788 496 2860 apertius
514 2789 642 2861 loquitur,
661 2808 721 2861 pag.
738 2793 804 2851 632,
821 2791 889 2843 etin
938 2790 1114 2845 «Petauristn.
1128 2788 1215 2859 inquit
1225 2786 1448 2841 Noniusillarcel·

379 2866 460 2920 aridis
470 2868 543 2939 gigni
565 2869 739 2933 vermiculos,
755 2870 777 2922 si
798 2869 891 2922 hume·
934 2868 991 2931 lus,
1006 2868 1052 2920 lib.
1063 2869 1087 2931 l,
1099 2884 1174 2919 num.
1190 2864 1447 2937 ²77,Veteribusdi·

379 2959 484 3000 crentur
497 2966 503 2999 :
516 2962 542 3001 et
552 2949 581 3000 in
594 2946 720 3014 humidis,
731 2949 752 3001 si
761 2948 891 3001 exsiccen-
934 2949 1071 3012 rebantur,
1078 2947 1124 3018 qui
1131 2947 1241 3000 saltibus
1248 2958 1443 3010 moverentur„

379 3038 432 3079 tur.
449 3027 539 3081 Haun.
553 3058 593 3068 -
605 3028 666 3080 Atia
680 3048 760 3081 rursus
771 3048 890 3097 generan-
934 3025 1007 3098 quod
1019 3027 1037 3079 ii
1050 3030 1109 3095 πρὸς
1120 3024 1424 3097 &panarium-liano.

380 3106 703 3160 tursordibusaradiosolis.
710 3106 890 3161 Sincerissima
973 3107 1032 3159 XL.
1050 3124 1074 3159 t.
1088 3106 1204 3176 Ejusdem
1217 3110 1336 3174 temporis.
1349 3105 1444 3157 &riri

378 3186 436 3239 hoc
457 3186 535 3239 lectio
553 3200 609 3247 est,
631 3205 710 3258 quum
726 3187 890 3240 restituimus
933 3186 1070 3250 nimirum,
1079 3184 1156 3238 radio
1165 3185 1228 3237 solis
1241 3184 1445 3237 ellerresoente:

378 3284 431 3337 ope
445 3264 569 3319 codicum
582 3268 646 3338 lleg.
666 3284 690 3332 s,
702 3266 784 3322 Paris.
799 3280 827 3319 et
836 3278 888 3319 vet.
933 3284 996 3319 nam
1005 3285 1053 3337 per
1059 3278 1174 3318 estatem
1186 3263 1313 3335 gignitur.
1319 3263 1445 3315 Ricinum

380 3345 660 3416 Dalecamp.Vienim
672 3346 890 3399 solistestivihssc
933 3343 1072 3410 describit,
1100 3363 1179 3416 quem
1203 3343 1290 3396 Greci
1318 3344 1443 3411 κρότωνα,

379 3425 545 3491 animalcula,
553 3424 701 3498 cujusmodi
712 3426 889 3497 suutpulices,
934 3424 1005 3479 Galli
1027 3428 1090 3497 tique
1113 3424 1262 3476 nominant.
1284 3422 1352 3474 Sunt
1376 3434 1402 3474 et
1415 3422 1444 3473 in

378 3505 514 3577 pmcreuri
545 3506 682 3576 significat.
711 3506 890 3571 Quamobrem
935 3502 1045 3557 homine
1060 3504 1154 3569 ricini,
1173 3520 1325 3574 quanquam
1341 3500 1445 3555 diversa

379 3602 437 3655 cap.
450 3602 503 3655 seq.
520 3586 636 3638 ricinum
651 3585 747 3637 animal
758 3604 813 3638 esse
821 3588 891 3655 ejus·
935 3584 1019 3636 forma
1032 3602 1039 3635 ε
1053 3586 1173 3653 marpiom
1187 3594 1316 3635 nostrates
1330 3593 1442 3633 vocant:

379 3662 440 3717 dem
464 3666 590 3737 temporis
611 3665 741 3728 sllirmst,
763 3666 814 3717 hoc
836 3676 889 3731 est,
933 3664 999 3735 pelli
1009 3663 1119 3727 herent,
1128 3658 1446 3733 nequesaturidecidunt,

379 3742 478 3796 aestivi:
500 3757 528 3797 ut
549 3744 710 3817 experientia
723 3757 889 3815 compertum
933 3755 964 3795 ut
985 3743 1032 3814 qui
1063 3744 1092 3794 iu
1113 3760 1196 3795 esne:
1218 3740 1248 3792 hi
1261 3740 1348 3810 cupite
1362 3740 1445 3792 infixo

379 3835 425 3876 est.
438 3826 476 3876 Ac
489 3824 540 3877 nisi
552 3842 589 3877 ess
600 3842 676 3876 voces
685 3824 787 3893 ejusdam
798 3837 888 3893 tempo·
933 3835 1038 3876 tantum
1051 3821 1186 3892 sanguinis
1202 3832 1348 3890 exsugam,
1358 3817 1444 3872 donec

379 3906 412 3953 ris
421 3902 455 3954 ad
466 3904 512 3955 hus
526 3904 689 3968 reserantur,
705 3924 720 3953 a
735 3904 804 3955 radio
816 3904 888 3961 solis,
932 3901 1073 3957 excidant:
1087 3900 1246 3954 excrementi
1258 3901 1330 3951 enirn
1342 3899 1442 3951 exitum

379 4000 433 4051 quo
442 3982 494 4035 itta
509 3984 673 4053 pertineant,
684 4000 764 4035 nenio
777 4002 839 4035 sane
848 3984 890 4034 io·
933 4001 989 4035 non
1005 3982 1102 4034 habent
1118 3992 1165 4034 :ut
1176 3980 1222 4050 qui
1234 3980 1262 4031 iu
1273 3978 1403 4039 homine,
1417 3992 1444 4030 et

378 4060 485 4131 telliget.
502 4064 578 4117 Prius
597 4064 743 4133 legebatur,
758 4063 824 4115 aridi
834 4062 889 4115 ruli,
933 4073 1095 4124 excernant,
1111 4072 1138 4113 et
1155 4078 1205 4111 ova
1219 4058 1335 4129 pariunt.
1353 4057 1441 4109 llsnn.

379 4138 470 4194 liano.
934 4174 973 4187 -
996 4140 1141 4212 Descripsit
1153 4140 1181 4193 h.
1193 4139 1245 4192 loc.
1260 4138 1329 4190 bene
1346 4156 1444 4189 aceruus
