3200 5159
398 521 474 618 498
658 522 695 590 C.
724 517 896 588 PLIN‘II
923 520 1036 589 NAT.
1064 523 1196 590 HIST.

396 653 558 750 probum²
574 651 749 738 duriusve,
767 649 888 720 animal
904 629 1137 747 generantibris
1153 678 1161 721 ε
1175 676 1237 747 pro
1258 638 1318 722 iis'
1338 674 1464 723 cornea

398 775 431 831 et
450 771 548 830 acuta
568 757 759 829 volucribus
776 772 894 827 rostra.
906 758 1032 828 Eadem
1048 773 1145 854 rapto
1156 757 1344 829 viventibus
1356 759 1462 829 adun·

398 891 438 938 ea
453 865 630 952 :collecto,
651 879 740 934 recta
760 883 768 924 τ
787 865 908 934 herbas
928 853 1139 935 eruentibus⁴
1157 864 1359 961 limumque,
1377 866 1461 954 lata,

399 987 548 1048 utsuum
570 973 691 1066 generi.
711 972 874 1040 lumentis
894 972 967 1041 vice
990 997 1108 1042 manus
1131 971 1175 1040 ad
1192 971 1379 1068 colligenda
1402 997 1461 1068 pa·

397 1077 492 1166 bula,
510 1102 569 1148 ora
590 1097 598 1140 τ
620 1078 787 1172 apertiora
810 1077 934 1146 laniatu
966 1078 1163 1147 viventibus.
1193 1080 1348 1148 Mantum
1379 1077 1460 1148 nulli

397 1199 518 1284 prater
531 1184 700 1252 hominem
713 1169 736 1269 ⁵,
749 1208 812 1252 nec
822 1183 927 1254 malae.
945 1184 1096 1254 Maxillas
1113 1169 1316 1256 crocodilus⁶
1330 1199 1460 1255 tantum

287 1351 288 1365 .
398 1292 583 1387 superiores
598 1304 711 1390 mouet
731 1316 738 1357 :
760 1304 932 1360 terrestres
952 1290 1207 1385 quadrupedes,
1233 1291 1373 1375 eodem,
1393 1315 1460 1386 quo

252 1415 256 1424 '
367 1439 372 1450 ·
397 1412 532 1486 caetera,
550 1419 660 1484 more,
679 1395 883 1491 praeterque⁷
897 1398 932 1464 in
947 1395 1130 1492 obliquum.

396 1531 543 1596 Parmensi,
553 1531 701 1596 Tarvisina,
710 1531 908 1597 Brixiensi,etc.
992 1553 1017 1584 a.
1044 1531 1082 1585 Os
1099 1532 1202 1602 perlusa
1224 1531 1345 1586 dutimse.
1369 1533 1410 1585 Ut
1431 1532 1461 1585 in

397 1611 489 1664 Brachi
497 1611 613 1664 labeones.
624 1611 658 1663 At
669 1609 736 1681 fleg.
750 1629 774 1673 s,
789 1631 815 1675 a,
824 1609 909 1662 Paris.
951 1628 1021 1682 equo
1031 1609 1137 1664 frenum
1146 1609 1317 1672 admittente.
1331 1607 1373 1666 rel
1384 1629 1462 1665 recn-

398 1689 489 1744 chiffl.
502 1689 590 1743 Bochi.
603 1686 678 1743 Nihil
691 1689 736 1743 hic
748 1691 823 1761 juvat
835 1687 909 1761 quod
951 1702 1036 1745 sante.
1047 1689 1129 1743 Aliud
1140 1703 1179 1744 est
1189 1710 1216 1742 os
1223 1691 1324 1761 prolata
1333 1691 1462 1756 hominis,

397 1769 494 1841 legitur
510 1770 538 1823 in
558 1769 669 1841 antiquo
687 1769 846 1822 numismate
867 1786 909 1822 ar·
951 1789 1050 1841 nempe
1079 1789 1140 1823 cum
1171 1767 1287 1842 quadem
1322 1771 1463 1841 majestatis

398 1845 493 1922 genten
513 1848 620 1904 Cimelii
640 1847 722 1901 nostri
740 1847 910 1913 Parisiensis,
952 1850 1038 1922 specie
1053 1866 1159 1902 morum
1173 1849 1350 1922 integritatem
1362 1863 1462 1920 etpro-

398 1930 473 2000 'cujus
482 1929 538 1984 base
550 1929 707 2000 epigraphe:
720 1927 751 1981 L.
764 1927 844 1980 Fran
857 1927 909 1981 Ca.
952 1929 1061 1982 bitatem
1071 1926 1202 1988 indicans,
1212 1931 1290 2002 quale
1298 1929 1462 2001 inPonspeio

286 2026 297 2038 ·
399 2007 573 2062 F.Baocca1.
587 2026 681 2061 rursu.
698 2018 725 2060 et
743 2009 819 2078 cujus
837 2019 911 2080 ecty-
953 2008 1463 2080 suprscoeterosmortalesinsignefuisse

398 2107 463 2158 pum
471 2087 578 2140 Petinus
588 2085 910 2157 exhibetiugentel'uria.
953 2087 1020 2142 dixit
1034 2106 1091 2160 cap.
1110 2088 1215 2153 12,lib.
1229 2089 1294 2142 vn.
1305 2089 1408 2142 Daue.

399 2167 484 2238 Hujus
496 2167 567 2219 enim
580 2166 758 2238 inscriptionis
771 2166 850 2237 longe
860 2165 910 2219 alia
996 2167 1023 2221 3.
1034 2168 1087 2220 Pro
1098 2170 1127 2219 iis
1137 2187 1238 2232 comes,
1250 2179 1300 2221 etc.
1313 2168 1376 2222 Herc
1385 2166 1463 2221 dein·

398 2243 597 2310 sententia'est,
615 2257 645 2298 ut
656 2245 721 2298 alibi
734 2244 909 2299 ostendimus.
953 2266 1015 2320 ceps
1025 2245 1137 2300 Aristot.
1147 2247 1195 2300 lib.
1208 2247 1250 2300 111
1264 2246 1299 2301 de
1316 2247 1387 2300 Para.
1399 2247 1463 2301 ani-

398 2325 432 2378 Τ.
441 2324 592 2379 Brocchum
601 2323 696 2378 Cicero
703 2324 794 2378 laudat
803 2324 832 2378 iu
842 2338 910 2379 orat.
953 2325 1015 2380 mal.
1028 2345 1085 2396 cap.
1101 2342 1131 2390 t,
1144 2345 1204 2398 pag.
1222 2345 1305 2390 1000,
1315 2339 1342 2379 et
1351 2325 1398 2380 lib.
1410 2327 1461 2391 lv,

399 2423 450 2476 pro
470 2405 592 2474 Ligarios
614 2415 641 2456 et
663 2403 773 2456 Milonis
795 2404 911 2458 Brocchi
953 2405 1357 2477 cap.1a,pag.1olr.flsao.

399 2485 521 2555 praetoris
545 2483 668 2536 meminit
693 2483 853 2549 Marcellus,
877 2480 911 2535 de
996 2492 1022 2548 6.
1039 2483 1135 2536 Herbas
1149 2483 1291 2539 eruentibus.
1309 2485 1378 2550 vet,
1393 2487 1462 2539 utin

399 2561 496 2616 medic.
517 2581 575 2633 cap.
591 2566 641 2628 26,
654 2581 715 2634 pag.
731 2563 795 2634 175.
809 2563 913 2616 Nouius
954 2565 1019 2633 fleg.
1036 2582 1062 2627 1,
1079 2581 1105 2624 a,
1122 2575 1170 2616 etc.
1187 2565 1324 2630 meatibus,
1338 2563 1390 2617 boc
1407 2577 1463 2631 est,

419 2631 524 2703 uidem,
542 2659 641 2714 capr,
662 2641 912 2708 n.1oa,·Bronci
954 2640 1151 2695 effodientibus.
1186 2641 1251 2697 Lata
1276 2656 1337 2696 ssent
1361 2642 1463 2698 idcirco

399 2661 502 2789 liidem
520 2721 638 2774 Brouchi
652 2732 679 2773 et
701 2709 830 2788 Brocchi)
849 2733 912 2775 sunt
954 2722 1045 2774 suibus
1055 2740 1117 2786 ora,
1128 2734 1154 2774 et
1164 2721 1364 2794 cartilaginosa,
1376 2737 1407 2778 ut
1417 2725 1464 2778 Al·

399 2800 532 2874 producto
550 2819 613 2862 ore,
627 2812 653 2852 et
668 2797 792 2854 dentibus
809 2800 913 2872 promi·
953 2801 1044 2854 bertus
1064 2799 1462 2867 nous,tib.vl1deanimt.

399 2879 532 2934 nautibus.
548 2906 561 2927 ι
586 2877 638 2932 sed
669 2880 737 2933 nihil
770 2877 841 2933 istud
877 2879 912 2934 ad
954 2893 1030 2934 tract.
1057 2899 1086 2944 1,
1109 2900 1167 2953 cap.
1187 2881 1221 2948 ὅ,
1242 2901 1303 2954 pag.
1328 2903 1392 2937 aar.
1419 2883 1462 2937 Sic

400 2977 457 3012 rem
473 2971 647 3032 presentem,
663 2959 709 3012 uhi
726 2957 760 3012 de
772 2957 853 3013 labris
867 2978 912 3013 ao·
955 2959 1055 3013 Plinius
1075 2959 1123 3013 lib.
1145 2961 1199 3014 xn
1207 2999 1217 3027 ,
1232 2979 1291 3034 cap.
1312 2981 1349 3033 9¹
1368 2979 1375 3014 ε
1393 2963 1462 3017 ntis

400 3037 539 3092 lummodo
551 3037 645 3110 agitur.
659 3038 703 3092 Ah
718 3037 759 3090 hia
772 3037 838 3092 dicit
849 3037 913 3092 Cor
953 3038 1031 3093 rostri
1045 3037 1185 3093 latitudine
1196 3053 1288 3095 munt.
1302 3066 1314 3090 ι
1330 3041 1423 3097 ttsao.

400 3117 533 3172 neliorum
550 3117 699 3172 Rochorum
715 3115 821 3171 familias
835 3115 911 3172 addi·
995 3120 1023 3174 5.
1036 3118 1145 3171 Mestum
1160 3119 1224 3171 nulli
1232 3133 1323 3192 praeter
1338 3121 1460 3176 houm

402 3210 457 3250 tum
484 3197 563 3250 fuisse
588 3215 719 3270 agnomen
746 3197 910 3251 Labeouum.
954 3199 1292 3254 Vere.Unienimhomini
1306 3198 1335 3253 id
1344 3201 1462 3273 configit,

402 3277 556 3331 Cornelium
565 3277 700 3330 Bocchum
709 3275 799 3330 laudat
811 3277 912 3330 Plinius
953 3291 984 3330 nt
1012 3277 1121 3331 maxilla
1147 3278 1264 3332 exterior
1287 3283 1462 3351 protuberans

401 3374 457 3408 non
476 3357 571 3418 semel,
592 3368 622 3409 ut
638 3375 671 3410 ex
684 3355 781 3410 ¹Indice
798 3375 911 3428 appare·
954 3357 1085 3424 emineat;
1099 3377 1181 3428 porro
1194 3357 1258 3411 iude
1270 3373 1400 3413 mentum.
1414 3365 1459 3413 As.

400 3435 451 3488 bit.
471 3435 511 3488 De
532 3436 583 3488 isto
608 3455 671 3488 vero
695 3435 768 3512 quod
790 3437 911 3508 sequitur
995 3439 1022 3490 6.
1036 3437 1155 3490 Maetttas
1166 3439 1306 3493 crocodilus.
1320 3439 1400 3493 Arist.
1413 3441 1459 3494 lib.

401 3513 556 3568 Labeouum
570 3515 744 3585 cognomine,
763 3513 837 3587 quod
860 3515 912 3569 fuit
955 3516 1079 3570 lllistor.
1091 3518 1205 3571 Animal.
1222 3537 1281 3591 cap.
1295 3538 1324 3589 9,
1338 3537 1400 3591 pag.
1415 3521 1460 3585 81,

400 3593 562 3648 familiarum
585 3594 720 3658 Antistiae,
743 3595 868 3661 Attinise,
884 3608 910 3648 et
954 3608 981 3647 et
998 3595 1047 3649 lib.
1061 3595 1119 3662 ΙΙΙ,
1133 3615 1192 3669 cap.
1209 3615 1241 3668 7,
1255 3616 1317 3670 pag.
1337 3597 1412 3666 326,
1428 3595 1460 3651 de

400 3673 488 3727 Fabia
508 3672 604 3744 saepius
625 3673 727 3726 tuentio
743 3673 816 3745 apud
828 3677 909 3729 Vete·
953 3673 1075 3728 fluviatili
1089 3675 1235 3731 crocodilo.
1253 3677 1298 3731 Sic
1315 3677 1386 3731 inter
1403 3697 1462 3731 aves

399 3772 451 3808 res.
479 3755 520 3806 De
544 3751 663 3804 Antistio
691 3753 816 3808 Labeone
839 3753 909 3808 dixi·
953 3755 1078 3827 psittacns
1095 3755 1167 3809 solus
1179 3753 1364 3810 mandibulam
1382 3758 1459 3811 rostri

399 3831 764 3902 musinhuctorumsyllabo.
773 3833 909 3905 Sosipater
952 3835 1116 3907 superiorem
1130 3849 1227 3890 movet.
1241 3835 1460 3894 lisam—Mas·

398 3912 532 3967 Charisius
553 3910 603 3964 lib.
624 3912 639 3962 1
666 3912 730 3964 artis
757 3911 907 3969 Grammat.
951 3913 1036 3969 illas...
1056 3927 1141 3967 movet.
1158 3915 1234 3970 Vero
1251 3917 1402 3970 contrarius
1419 3917 1456 3982 its

396 4010 454 4062 pag.
468 4010 522 4063 79,
538 3989 630 4044 Verrii
645 3989 733 4046 Flacci
749 3993 907 4048 auctoritate
950 4012 1013 4047 nam
1032 3994 1138 4048 maxilla
1160 3993 1271 4050 inferior
1291 3996 1348 4050 sola
1373 4008 1458 4068 potos

395 4072 431 4124 ait
455 4091 470 4125 a
492 4069 569 4125 labiis
595 4069 745 4124 immodicis
770 4072 906 4127 Labeones
950 4075 1061 4127 moseri.
1076 4075 1122 4128 As.

394 4147 487 4204 dictos.
502 4148 592 4204 Hiran.
991 4173 1018 4223 7.
1043 4153 1192 4208 Multas...
1215 4167 1336 4207 terrestres
1352 4153 1455 4228 quadr!-
