3200 5159
571 527 734 597 sinen
760 530 826 595 xi.
1159 525 1235 626 399

165 653 366 748 relinquunt
382 651 464 722 Dies
481 663 586 720 status
594 649 619 674 ¹⁰
636 650 850 738 inchoandae,
871 662 909 720 ut
924 648 1067 743 quadarn
1084 647 1156 745 lege
1177 677 1234 722 na·

163 776 268 847 utrae,
281 761 309 828 si
322 759 407 828 scire
418 772 477 826 aut
491 756 670 826 observare
685 757 837 826 homines
854 755 974 840 velint,
996 757 1179 827 tricesimus
1192 758 1235 828 ab

164 867 287 937 educto
312 865 487 952 examine3
513 863 648 959 fereque
675 863 764 933 maio
772 861 795 888 ¹‘
824 887 936 934 mense
959 861 1139 932 includitur
1164 864 1235 934 baec
1308 869 1311 876 '

165 972 343 1042 vindemia.
1244 1037 1248 1046 ,

218 1076 369 1148 Alterum
399 1099 503 1170 genus
529 1090 580 1144 est
613 1073 718 1145 mellis
741 1077 864 1162 aestivi,
888 1073 978 1169 quod
1001 1073 1076 1144 ideo
1095 1091 1269 1160 vocaturt

166 1191 293 1278 ὡραῖον,
310 1209 330 1252 a
347 1182 602 1277 tempestivitate
626 1184 810 1278 precipua,
833 1183 904 1277 ipso
929 1182 1017 1250 Sirio
1043 1181 1235 1277 exsplende-

167 1279 279 1360 scente
298 1303 374 1386 post
391 1287 566 1358 solstitium
586 1286 703 1358 diebus
719 1288 852 1358 tricenis
870 1287 950 1358 fere.
969 1290 1137 1358 Immensa
1148 1290 1236 1358 circa

166 1397 232 1466 hoc
254 1394 417 1488 subtilitas
435 1396 572 1464 Naturae
588 1394 783 1464 mortalibus
803 1393 970 1490 patefacta
985 1407 1053 1478 est,
1068 1396 1130 1464 nisi
1137 1395 1235 1484 fraus

166 1502 341 1571 bominum
352 1515 474 1570 cuncta
487 1501 632 1596 pernicie
643 1515 881 1596 corrumperet.
897 1503 1049 1596 Namque
1058 1501 1101 1570 ab
1115 1516 1235 1570 exortu

168 1608 282 1678 sideris
305 1603 592 1702 cujuscumque¹',
613 1607 671 1677 sed
686 1606 847 1678 nobilium
876 1609 1043 1696 maxime„
1063 1621 1121 1676 aut
1141 1605 1234 1678 cecle-

168 1717 228 1785 stis
248 1739 345 1785 arcus
358 1699 403 1798 ¹³,
425 1716 451 1783 si
473 1739 541 1783 non
564 1729 745 1807 sequantur
762 1714 905 1801 imbres,
925 1712 984 1782 sed
1007 1737 1061 1782 ros
1089 1728 1236 1812 tepescat

170 1819 256 1890 Solis
275 1819 662 1908 radiis,medicnmenta,
680 1845 747 1889 non
764 1818 878 1908 mella,
894 1821 1076 1915 gignuntur
1092 1845 1099 1887 :
1114 1818 1236 1909 oculis,

167 1925 352 2013 ulceribus,
379 1927 581 2021 internisque
611 1926 818 2010 visceribus,
844 1925 932 1995 dona
959 1924 1110 1995 caelestia.
1135 1925 1236 2015 Quod

169 2035 197 2104 si
219 2047 369 2104 servetur
393 2019 492 2102 hoc¹⁶
517 2033 600 2100 Sirio
621 2034 811 2120 exoriente,
844 2055 987 2126 casuque
1010 2047 1173 2125 congruat
1203 2034 1237 2101 in

168 2138 323 2208 eumdem
342 2138 446 2229 diem,
464 2152 502 2206 ut
517 2163 620 2234 saepe,
645 2140 804 2225 Veneris,
831 2153 889 2208 aut
903 2139 1018 2224 Jovis,
1035 2139 1237 2206 Mercuriive

168 2259 394 2332 exortus,non
406 2242 468 2312 alia
482 2246 644 2332 suavitas,
659 2246 774 2340 visque
784 2242 975 2314 mortalium
989 2245 1085 2313 malis
1099 2268 1119 2312 a
1131 2259 1238 2313 morte

112 2397 117 2407 ·
169 2349 346 2436 vocandis,
365 2374 466 2445 quam
480 2350 584 2419 divini
599 2353 756 2437 nectaris,
772 2349 839 2418 fiat.

169 2543 266 2614 apibus
279 2539 470 2595 consulendum
484 2554 548 2594 est.-
560 2539 686 2610 Sequitur
725 2541 897 2592 medtcrmeuta
910 2539 1035 2592 cormello
1042 2542 1179 2608 gigneretur
1184 2559 1238 2594 ocu·

170 2641 236 2675 mox
245 2623 272 2674 in
282 2620 404 2673 Plinisno
417 2633 561 2684 contestu,
572 2619 623 2671 dies
635 2631 686 2671 ste·
725 2621 766 2681 lis,
787 2619 920 2684 ulceribus,
935 2632 987 2673 etc.
1000 2618 1081 2690 Atqui
1092 2631 1189 2672 exorsus
1202 2617 1237 2672 de

171 2715 209 2754 tus
217 2700 372 2766 inchoanda,
381 2719 476 2772 nempe
483 2697 685 2752 vindemient·
724 2699 868 2765 sideribus,
878 2719 932 2752 non
945 2697 979 2752 de
993 2697 1086 2752 celesti
1098 2715 1160 2750 arcu
1170 2697 1238 2752 dici·

171 2781 243 2836 suirn
256 2780 438 2850 rescripsimus
455 2780 578 2833 omnium
596 2797 681 2832 esem·
724 2790 778 2833 tur.
791 2777 1238 2850 Atcoelestr'ereusignilicat,qumn

171 2860 289 2932 plsrium
308 2858 389 2912 iidem
417 2859 508 2928 secuti,
531 2859 607 2911 Libri
633 2857 682 2910 im·
723 2859 835 2912 celestis
846 2877 923 2912 arcus
933 2870 1052 2931 apparet.
1067 2858 1239 2912 Interomnes

172 2940 273 3011 pressi,
285 2938 430 3003 ischourds',
442 2939 552 2992 babent.
568 2937 660 2991 Hssn.
723 2957 806 3010 porro
818 2935 901 2992 ferme
915 2938 1040 2990 convenit
1052 2937 1105 2988 mel
1115 2954 1196 3008 apum
1206 2955 1238 2992 ex

216 3035 259 3072 to.
275 3019 337 3070 Dies
350 3031 436 3071 status.
457 3017 551 3072 Certus
567 3031 621 3082 est,
642 3018 681 3068 in·
723 3019 770 3072 illo
791 3016 898 3070 roscido
918 3018 1031 3069 humore
1052 3016 1097 3086 qui
1118 3015 1191 3069 venit
1207 3036 1239 3071 ex

172 3099 249 3172 quit,
272 3109 298 3151 et
323 3111 408 3161 ratus,
425 3095 583 3151 inchoanda
601 3097 681 3168 liujus
728 3117 788 3152 sere
799 3097 904 3150 confici.
921 3094 992 3149 Vide
1011 3095 1096 3148 Sinas.
1109 3114 1138 3166 p.
1158 3113 1237 3150 roso.

172 3177 312 3232 vindemia
325 3176 395 3231 dies:
413 3177 561 3231 tricesimus
572 3195 685 3247 nempe,
772 3178 815 3230 13.
829 3177 884 3230 Aut
899 3177 1000 3228 scelestis
1012 3195 1091 3227 ursus.
1105 3176 1145 3228 Ila
1156 3173 1238 3228 codd.

173 3270 330 3332 postquam:
345 3256 488 3310 ·emissum
505 3257 591 3311 caseis
604 3254 638 3309 sd
652 3257 686 3308 si·
729 3275 823 3309 omnes
830 3256 906 3309 MSS.
919 3257 1025 3309 Rectius
1032 3255 1131 3318 somn,
1140 3265 1184 3308 sut
1193 3275 1239 3308 σω·

173 3336 237 3391 ders
243 3337 301 3390 cssli
308 3337 550 3408 Narepertstem
556 3334 686 3408 liquidam
730 3338 784 3389 lessi
797 3355 865 3390 arcu.
876 3335 941 3388 Vim
959 3337 1027 3388 banc
1042 3333 1150 3387 celestis
1164 3353 1239 3388 arcus

173 3418 320 3490 suspexeris
327 3416 572 3487 agmen.·Virg.G.
580 3416 630 3479 IV,
641 3415 686 3469 58.
730 3417 832 3468 Plinius
841 3415 897 3487 ipse
909 3415 1034 3486 explicat,
1046 3414 1095 3466 lib.
1107 3413 1172 3478 XII,
1181 3431 1239 3484 osp.

217 3515 263 3551 rr.
285 3495 392 3568 Fereque
413 3499 484 3548 meio.
510 3494 642 3568 Didymus
656 3495 685 3548 in
732 3493 782 3559 ⁵3,
800 3513 888 3566 neque
910 3513 938 3547 se
953 3507 1040 3547 tamen
1062 3493 1238 3546 celebraturis

174 3575 299 3649 Geopon.
319 3576 367 3628 lib.
386 3575 450 3641 XV,
461 3592 518 3645 osp.
532 3575 564 3642 5,
579 3594 606 3645 p.
620 3574 685 3640 41⁵,
727 3576 825 3645 vulgus
848 3576 980 3647 opinionis
999 3591 1151 3646 sponsorem
1168 3572 1239 3626 iecit.

173 3657 233 3728 ipso
258 3655 437 3726 Vergiliarum
468 3667 579 3720 exortu,
613 3656 685 3707 nisio
732 3653 893 3721 rTrsdunt,
911 3655 1012 3726 inquit,
1027 3655 1054 3706 in
1071 3670 1240 3726 quocumque

175 3736 300 3798 ineunte,
320 3736 349 3787 in
366 3735 469 3788 Graecia
488 3735 595 3787 scilicet.
617 3733 651 3786 Η.
727 3734 1241 3796 fruticecurretursrcuscelestis,esm-

219 3833 262 3868 su.
274 3814 385 3888 quue
396 3814 429 3866 eb
446 3825 531 3866 coortu
542 3813 626 3877 sideris
642 3833 684 3865 eu·
728 3813 791 3868 dem
799 3833 859 3886 qun
872 3816 907 3869 sit
923 3815 1057 3887 aspalatho
1067 3853 1075 3876 ,
1085 3813 1238 3865 servitutem

171 3897 318 3967 jussusque.
335 3895 405 3965 Lege
421 3896 551 3965 :Namque
561 3893 686 3946 obesortu
729 3893 821 3951 odoris
833 3897 954 3949 exsistere
969 3913 978 3951 t
996 3893 1041 3947 sed
1057 3894 1085 3944 iu
1102 3890 1239 3963 sspslrtbo

175 3973 261 4026 sideris
271 3976 435 4046 cujuscumque
440 4012 448 4036 ,
460 3975 505 4026 sed
510 3973 624 4026 nobilium
636 3991 689 4025 na·
729 3975 935 4029 inenarrabilem
955 3973 1124 4046 qnamdam·
1136 3969 1172 4023 fl.

175 4058 248 4119 aes'ssse,
256 4054 393 4107 membru·
402 4074 462 4107 sreu
473 4057 495 4106 si
505 4073 553 4106 uos
558 4065 688 4127 sequautur
772 4060 818 4118 sd.
832 4055 908 4124 Quod
916 4059 940 4107 si
944 4065 1047 4109 seruetur·
1055 4053 1107 4104 lios.
1120 4051 1178 4103 Hoc
1188 4049 1240 4104 mel

177 4133 276 4197 issbsss,
290 4133 383 4186 sedsos
403 4147 506 4206 tepescet
520 4133 578 4186 solis
592 4133 684 4198 mdiu,
730 4133 859 4188 nstisum.
877 4135 968 4187 llssn.
