3200 5159
540 530 700 599 LIBER
727 534 792 600 IX.
1146 534 1193 629 37

124 646 258 732 attilus‘
277 663 312 731 in
326 660 440 749 Pado,
461 662 579 731 inertia
593 664 838 757 pinguescens⁷,
858 664 900 732 nd
920 664 1008 735 mille
1022 665 1198 761 aliquando

126 882 185 937 cula
203 900 271 937 roce
287 880 370 936 iidem
393 883 541 935 romerium
561 884 641 934 tamt-
686 882 793 937 sdehili
809 896 835 939 et
849 886 965 939 innocuo
978 890 1085 939 :udone
1097 887 1197 941 factum

127 983 195 1029 sues,
205 963 324 1018 bellnam
330 962 401 1015 hanc
410 962 640 1033 cognominarunt.
686 963 814 1017 norimus.
825 966 957 1019 S‘Auson.
971 966 1076 1019 Mosell.
1091 986 1119 1019 r.
1134 967 1195 1031 125,

128 1044 188 1100 Nou
208 1042 343 1115 squamis,
361 1040 408 1095 sed
425 1040 499 1095 ruolli
519 1052 579 1093 cute
604 1040 642 1092 ni·
686 1042 850 1098 simillimum
860 1044 987 1118 delphino
1000 1046 1197 1117 pronuntiatae

128 1140 241 1194 graque,
255 1122 380 1193 suguille
392 1123 473 1174 instar
487 1118 642 1183 obducitur,
685 1120 744 1175 oleo
754 1123 836 1177 veluti
848 1124 962 1189 illitum
979 1136 1123 1197 utrumque
1134 1145 1197 1178 roro

129 1200 276 1255 subsibidis
288 1198 639 1277 tumenmacnlisdistincta:
685 1208 719 1271 τῷ
739 1207 807 1255 wells
825 1204 924 1274 optime
938 1204 1078 1269 convenit,
1096 1203 1141 1257 cui
1154 1204 1197 1257 lre·

129 1279 338 1353 quadringentas
344 1278 479 1333 interdum
489 1279 567 1331 libres
576 1296 640 1349 pou·
685 1280 750 1333 ritns
764 1293 789 1334 et
807 1281 896 1335 luscus
911 1282 994 1346 viror,
1008 1294 1132 1334 neutrum
1146 1298 1198 1334 stu-

131 1358 192 1411 dere
210 1358 338 1415 excedit:
362 1358 519 1412 lautioribus
544 1358 641 1411 mensis
686 1361 749 1411 sioni
765 1362 851 1432 quiet
872 1361 966 1414 cinerei
984 1360 1080 1418 coloris
1101 1375 1157 1425 est,
1173 1374 1199 1415 et

130 1456 182 1491 non
189 1438 354 1505 admittitur,
361 1438 412 1491 vile
418 1438 501 1509 plebis
507 1436 642 1508 pabulum.
687 1439 768 1509 spinis
779 1440 879 1501 horret.
893 1443 920 1502 4·
928 1439 1026 1493 Ciceris
1041 1439 1199 1511 magnitudi-

131 1518 195 1583 an
208 1519 295 1572 eilurn
306 1521 434 1571 Veterum
443 1528 496 1569 tarn
511 1526 570 1587 epte
581 1532 644 1567 con-
687 1538 748 1571 nem
761 1518 831 1571 illins
842 1520 899 1573 ovis
909 1532 1058 1591 competere
1066 1520 1101 1571 ait
1116 1520 1196 1572 Arist.

132 1598 250 1662 veniunt,
261 1600 330 1653 utin
344 1598 440 1669 piscem
453 1596 534 1648 alium
546 1592 643 1648 cedere
688 1598 759 1669 atqui
768 1616 838 1651 uuus
847 1602 907 1651 estc
920 1599 1051 1670 wells,qui
1059 1598 1198 1651 orsmari-

133 1678 174 1730 rix
187 1696 220 1731 en
233 1679 344 1749 possint.
362 1677 468 1730 Iconeru
487 1675 574 1737 illius,
594 1673 644 1726 sub
688 1696 731 1730 ms
748 1676 837 1735 habet.
852 1677 909 1731 Nec
923 1678 1010 1732 minus
1022 1677 1085 1729 huic
1096 1695 1127 1729 ea
1137 1696 1199 1730 con·

131 1756 245 1828 planitiis
256 1758 374 1819 nornine,
384 1756 489 1809 exhibet
497 1754 645 1807 Aldrortn·
688 1757 874 1829 veniunt,quae
886 1756 1004 1810 hocloco
1010 1756 1105 1808 Noster
1112 1774 1120 1819 ;
1136 1774 1196 1828 qun

133 1836 182 1890 dns
195 1857 228 1891 er
238 1838 361 1893 Gesnero
372 1849 415 1901 ,et
428 1836 552 1889 Salviano
562 1832 596 1885 de
605 1832 645 1904 pi·
689 1837 755 1893 Hier,
770 1838 858 1891 Anim,
869 1836 915 1890 lib,
931 1838 1012 1899 xlv,
1026 1856 1085 1908 cap,
1100 1838 1144 1897 25,
1152 1838 1198 1887 Ε.

133 1916 221 1969 acibus
227 1955 237 1977 ,
251 1916 298 1969 lib.
308 1918 344 1978 V,
358 1934 421 1989 pag.
439 1918 500 1983 569.
512 1914 650 1967 Hem-1
689 1918 776 1971 liunus
795 1916 875 1990 hebet
894 1916 928 1969 de
946 1915 1023 1968 siluri
1038 1913 1198 1985 magnitudi·
1242 1960 1251 1983 ι

133 1996 226 2046 sium
255 1999 281 2046 t'n
306 2000 374 2048 Nilo.
397 1994 498 2047 Silurus
526 1991 602 2044 Plinii
629 2010 646 2045 a
689 1997 783 2059 ne,de
796 1996 948 2057 voracitate,
958 1990 1195 2063 deurtecspiendi.

134 2072 253 2127 Gesnero
268 2076 417 2128 luculenter
430 2072 576 2144 descriptus
589 2084 645 2137 est,
689 2078 750 2131 Non
763 2088 854 2131 exacte
874 2094 933 2147 qun
953 2072 986 2125 de
1010 2072 1116 2126 femina
1140 2070 1198 2122 ovis

135 2155 257 2209 malefice
280 2168 308 2209 et
328 2174 410 2207 roras
434 2154 526 2207 bestie.
545 2153 646 2207 Silurus
690 2155 828 2210 servandis
837 2150 1147 2227 sequuntur.Sedquum
1159 2150 1199 2210 lo-

135 2235 243 2287 Ausonii
259 2234 294 2287 ab
307 2253 339 2287 eo
352 2233 487 2293 diversus,
505 2232 645 2286 sturiono-
690 2235 791 2287 ramina
805 2252 861 2286 mas
874 2244 900 2285 et
912 2232 1007 2288 femina
1019 2232 1147 2288 habirent,
1157 2246 1198 2279 sa·

136 2324 195 2365 ster.
215 2314 350 2367 Probatur
366 2314 393 2365 id
417 2312 536 2366 versibus
560 2322 645 2382 poetar
690 2314 723 2369 tis
736 2314 785 2366 luit
801 2312 881 2365 alicui
898 2310 1060 2363 illosridere
1073 2308 1128 2360 oris
1145 2308 1200 2359 suis

136 2393 259 2446 coetanei
269 2395 388 2446 Ausonio
397 2391 432 2445 de
441 2392 555 2463 AEgirtio
564 2390 647 2443 fluvio
690 2392 845 2467 proximos,
860 2403 890 2444 ut
902 2392 996 2445 labella
1009 2388 1200 2459 excogitaretur

135 2472 284 2542 Aquitania
297 2472 450 2527 scribentis:
461 2494 472 2517 ι
484 2469 591 2522 Obtinet
601 2486 648 2521 ex·
691 2492 769 2525 nova.
785 2473 871 2527 Strab.
884 2472 929 2526 lib.
941 2471 1051 2533 XVIII,
1063 2488 1089 2541 p.
1097 2486 1133 2520 m.
1149 2467 1199 2519 823

136 2550 227 2623 pulsus
239 2553 531 2623 stabulumcnmpestre
541 2549 648 2613 silurus,
692 2552 720 2605 B.
730 2551 763 2604 de
773 2554 872 2623 σιλούρῳ
886 2550 1004 2623 loquitur
1013 2547 1089 2621 qussi
1108 2546 1142 2599 de
1154 2546 1201 2598 Ni·

136 2628 198 2683 Plue
210 2632 315 2702 rapitur
324 2630 414 2693 terris,
428 2648 509 2702 quarn
520 2626 600 2680 modo
608 2628 648 2699 pi·
693 2632 773 2685 lotico
783 2632 865 2704 pisce.
876 2630 975 2684 Plinius
986 2648 1093 2701 quoque
1105 2626 1153 2678 lib.
1162 2626 1200 2688 V,

138 2710 280 2782 sciseqns's.
294 2736 305 2756 ι
319 2710 415 2781 scalig.
426 2709 453 2760 in
466 2710 564 2761 Auson.
578 2708 648 2761 Silu-
692 2729 747 2783 cop.
764 2732 792 2779 9,
806 2712 875 2764 inter
884 2711 968 2784 pisces
976 2709 1048 2761 hunc
1059 2706 1176 2760 nominat
1187 2724 1202 2755 e

138 2806 182 2839 rus
196 2788 426 2861 Ungaris,larclra
435 2808 444 2839 .·
452 2788 648 2862 Illyricis,sum:
692 2791 752 2843 lecu
762 2790 1031 2853 missos,undeNilus
1042 2784 1124 2839 lluere
1134 2784 1203 2837 dice·

138 2868 330 2931 Bfl'flffllbuts
344 2873 427 2921 ‘alvi-¹
439 2868 541 2927 suevit·
554 2870 647 2928 Mller,
693 2872 778 2923 batur.
788 2870 925 2933 AElinnus,
938 2868 1059 2934 xl1,29,
1073 2862 1203 2936 quosdam

140 2948 214 3019 quasi
226 2948 346 3002 balens:
360 2947 477 3003 Danubii
488 2946 595 3008 accolis,
609 2948 647 2997 ein
693 2951 795 3003 cicures
817 2947 855 3001 ait
877 2950 906 3000 in
930 2959 1022 3018 stagno
1046 2962 1132 3015 prope
1154 2942 1204 2994 Bu·

138 3028 350 3081 &tainorum
364 3058 400 3069 -·
415 3030 490 3079 Hand
506 3029 650 3077 minores...
694 3028 796 3092 bastin,
815 3026 946 3099 quosdam
960 3044 1023 3077 vero
1037 3022 1164 3095 purvulos
1175 3023 1203 3073 in
1248 3070 1254 3080 ,

139 3111 227 3158 silurus
240 3110 266 3159 in
277 3112 343 3159 Nilo.
358 3088 398 3161 be
411 3106 493 3159 siluro
503 3147 510 3169 ,
519 3104 565 3177 qui
579 3102 650 3156 idern
694 3107 790 3181 Cydno
796 3107 899 3169 Cilicio,
907 3106 967 3158 lacu
979 3102 1083 3176 Apami,
1093 3102 1205 3165 Oronte,

140 3204 200 3238 cum
210 3186 342 3259 Stagiritoe
353 3188 443 3253 glani,
454 3184 545 3239 eadem
554 3186 651 3235 Nostro
694 3198 743 3241 etc.
757 3184 837 3253 Quod
850 3188 886 3238 ob
897 3185 967 3237 hanc
980 3200 1085 3235 causam
1093 3180 1206 3241 dictum,

141 3264 195 3332 (lib.
208 3264 259 3331 IX,
270 3282 330 3337 cap.
347 3266 398 3327 ιδ,
414 3263 444 3317 51
459 3268 470 3331 )
483 3262 605 3317 tradente
617 3260 652 3314 de
695 3264 769 3339 quod
786 3284 841 3317 non
854 3266 939 3337 ipsum
949 3262 1056 3335 quidem
1067 3264 1146 3323 wells,
1158 3258 1205 3310 sed

141 3346 222 3399 siluro
239 3364 299 3419 qure
317 3346 352 3399 de
372 3344 441 3423 glani
460 3343 650 3417 philosophus,
695 3345 841 3399 simillimos
854 3344 953 3417 pisces,
969 3342 1025 3395 sire
1036 3338 1152 3411 ejusdem
1166 3356 1207 3407 ge

142 3426 186 3478 lib.
197 3428 276 3489 VIII,
288 3445 347 3499 cap.
358 3446 403 3488 ιο,
421 3436 445 3477 et
454 3424 501 3477 lib.
513 3424 561 3485 lx,
573 3440 596 3475 c.
608 3422 651 3491 37,
695 3423 778 3487 neria,
792 3424 846 3475 sive
854 3421 973 3495 ejusdem
984 3420 1079 3490 speciei
1089 3460 1096 3484 ,
1108 3417 1208 3468 habent

142 3524 236 3579 nempe
244 3506 310 3559 huic
320 3523 390 3558 curse
403 3522 458 3559 esse
467 3504 572 3568 liberos,
582 3501 653 3555 cuni·
697 3514 722 3555 et
735 3503 812 3556 Nilus
826 3513 850 3554 et
861 3502 983 3553 Orontes.
995 3498 1072 3551 Cous.
1083 3512 1207 3567 magnum

143 3586 229 3640 culam
250 3598 276 3639 et
302 3596 470 3658 tempestates
496 3582 651 3655 displicere,
696 3601 762 3655 opus
779 3580 813 3635 de
827 3583 949 3652 AEgypto.
963 3579 1093 3631 Ceterum
1111 3592 1208 3626 nomen

144 3676 191 3719 etc.
201 3666 296 3738 Neque
308 3665 353 3719 ille
367 3678 406 3718 est
424 3674 511 3715 noster
523 3676 651 3731 erenrgeon
697 3681 749 3715 nnn
760 3662 858 3724 stricte,
869 3671 987 3723 utnunc,
995 3655 1156 3709 sumebatur.
1165 3654 1210 3703 Sic

145 3752 281 3816 (πψτηιαν
287 3750 364 3799 serario
375 3745 416 3809 L.)
426 3784 433 3809 ,
447 3742 492 3795 eed
503 3744 590 3793 silurus
596 3746 654 3811 glu-
698 3741 793 3797 AElisu.
805 3738 851 3792 lib.
862 3738 931 3798 XII,
942 3756 1001 3808 cup.
1019 3742 1064 3797 14,
1079 3733 1113 3785 de
1124 3730 1210 3804 gleni,

144 3832 179 3878 sris
187 3827 284 3879 stels
296 3827 438 3880 sutsclaid
444 3822 652 3881 Germanorum,
699 3822 726 3873 in
737 3818 874 3877 Meandro
885 3829 911 3869 et
917 3817 991 3888 Lyco
1003 3830 1096 3885 egeus,
1107 3812 1150 3864 cui
1164 3810 1211 3862 illa

145 3910 218 3957 sslrel
227 3904 422 3965 Helvetiorum,
430 3900 552 3955 etanm
564 3900 589 3953 1⁰
597 3920 656 3953 cru-
699 3899 871 3970 tribumque
881 3895 915 3949 de
925 3894 1021 3946 sobolis
1032 3910 1124 3945 amore
1137 3889 1210 3942 dixe·

145 3986 205 4040 delis
214 3983 407 4057 estpiscis,qui
418 4000 499 4055 equos
508 3999 576 4051 serre
585 3998 657 4033 com-
701 3978 907 4034 rstAristoteles.
918 3987 943 4027 et
954 3974 1036 4026 siluro
1043 3972 1155 4024 similem
1165 3970 1212 4020 sit.

144 4067 288 4139 prehensos
302 4063 409 4135 mergit.
421 4068 452 4114 ¹⁰
465 4062 566 4114 llamos
578 4062 613 4113 ab
626 4078 658 4113 eo
702 4060 847 4129 Comporut
859 4056 933 4107 bunc
948 4054 1027 4124 igitur
1035 4072 1095 4105 cum
1105 4050 1215 4121 quihus·

144 4144 339 4201 fractosacribit
352 4141 513 4215 bristquod
526 4158 657 4211 nusquam
703 4138 763 4192 clam
789 4135 906 4210 ejusdem
936 4134 1039 4209 generis
1063 4129 1215 4203 speciebus,

1012 4225 1054 4310 32
