3200 5159
582 549 739 618 LIBER
765 551 836 617 xl.
1163 543 1232 617 521

174 681 214 748 L.
237 677 406 748 Postumio
436 675 556 746 Albino
581 703 660 774 rege
688 665 882 750 sacrorum³
905 665 1004 773 post⁴
1025 678 1237 746 centesimam

175 785 366 855 vicesimam
392 798 517 853 sextam
539 783 789 880 Olympiadem,
810 809 915 880 quum
937 809 996 853 rex
1011 771 1179 879 Pyrrhus⁵
1197 809 1239 854 ex

173 889 269 963 Italia
282 889 497 979 discessisset,
519 915 578 960 cor
596 893 630 960 in
648 893 731 961 extis
757 893 924 987 aruspices
945 891 1106 986 inspicere
1130 916 1239 986 coepe·

175 1010 262 1066 runt.
278 982 418 1066 Caesari⁶
436 997 618 1084 Dictatori,
635 1022 703 1094 quo
722 998 776 1068 die
796 1000 942 1094 primum
962 1011 1055 1066 veste
1072 1021 1240 1093 purpurea

174 1203 236 1271 Qua
259 1203 388 1275 religione
407 1217 433 1258 et
452 1204 603 1260 cerimonia
622 1223 685 1258 aru·
727 1203 790 1258 fidei
804 1205 857 1258 viri
868 1203 1054 1270 consularis‚et
1066 1204 1239 1275 sexagenarii,

174 1301 251 1355 apex,
262 1283 373 1349 flamen,
385 1282 519 1351 sacerdos,
535 1285 622 1340 cultro
631 1285 684 1339 ier·
728 1284 913 1339 Clodiiitlbiai
922 1285 1039 1338 Caesaris.
1048 1285 1157 1337 Factum
1168 1282 1238 1337 istud

174 1381 240 1429 reo,
268 1362 386 1434 oblongo
406 1360 516 1426 (Festus
535 1365 685 1418 clunaculum
728 1381 783 1418 esse
795 1383 919 1437 supremo
933 1363 994 1417 vito
1007 1363 1151 1417 Commodi
1165 1382 1238 1416 anno

174 1433 267 1511 vocat)
278 1455 337 1496 exta
345 1441 526 1511 divideretis
536 1443 684 1516 dispicien·
727 1443 784 1498 haec
797 1444 899 1496 notatio
913 1444 1039 1516 temporis
1047 1442 1133 1497 docet
1152 1442 1239 1496 Cuili-

176 1519 212 1575 da
243 1521 295 1575 sibi
320 1535 450 1594 retegeret
477 1541 485 1575 :
517 1521 579 1577 vide
612 1523 685 1596 apud
728 1523 774 1576 bct
787 1542 926 1576 nummum
941 1523 1117 1576 contrectanti
1126 1523 1199 1576 venit
1209 1522 1238 1574 in

175 1601 305 1656 Alexand.
328 1603 362 1654 ab
381 1601 551 1670 Alexandro,
569 1603 617 1657 lib.
634 1605 676 1658 tv
677 1643 685 1670 ,
728 1615 844 1656 mentem
858 1621 993 1676 quarere,
1005 1603 1064 1674 quis
1075 1601 1190 1674 cujusvis
1204 1602 1240 1655 sit

176 1682 419 1753 cap.17·Dsare.
729 1683 775 1736 ille
796 1682 931 1754 parvulus.
954 1681 1105 1752 Respondet
1131 1681 1238 1746 titulus,

216 1759 243 1814 3.
257 1762 458 1832 Regesucrorum.
466 1762 521 1828 Qui
534 1779 685 1818 sacram·
729 1781 784 1816 esse
808 1761 932 1832 Pontificio
952 1763 1073 1826 Maximi,
1097 1761 1239 1814 Tribunicio

174 1839 208 1894 lis
220 1840 327 1912 regibus
345 1841 415 1895 obiri
432 1854 556 1896 consueta
575 1860 685 1914 perage·
729 1843 853 1894 Potestas«
874 1841 975 1907 XVII,
994 1843 1148 1912 Imperatoris
1172 1841 1239 1905 VII,

174 1932 225 1986 ret,
237 1921 345 1992 regibus
356 1923 454 1975 exactis
467 1940 475 1976 :
487 1941 583 1993 quem,
595 1936 625 1975 ut
636 1935 685 1994 par
731 1921 845 1975 Consulis
855 1921 918 1974 VII.
936 1921 1007 1993 Ergo
1020 1919 1174 1975 Commodi.
1188 1921 1241 1972 Ha·

175 1999 201 2052 ei
212 2001 352 2053 auctoritas
366 2001 449 2054 inesse
460 2001 596 2054 videretur
612 2001 640 2054 in
652 2021 685 2054 eo
728 2001 787 2054 buit
821 2000 986 2054 Commodus
1017 2000 1117 2053 liberos
1146 2001 1238 2054 saltem

175 2097 294 2138 munere,
307 2080 381 2150 regio
392 2080 501 2134 nomine
514 2079 683 2140 decorarunt,
729 2078 813 2146 duos,
830 2080 977 2134 masculum
990 2093 1017 2134 et
1031 2080 1161 2151 puellam,
1172 2092 1239 2132 teste

175 2176 312 2213 uasorum
332 2177 423 2230 regem
442 2161 612 2231 appellantes.
643 2161 685 2215 Ita
726 2178 839 2214 nummo
851 2161 908 2230 ejus
920 2160 1059 2232 inscripto,
1069 2177 1166 2213 aranas
1175 2175 1238 2214 avo.

174 2239 231 2292 sere
241 2237 513 2306 Pseudo-Fenestella,
524 2240 571 2294 lib.
584 2239 619 2294 de
625 2241 683 2295 Sac.
729 2241 832 2303 ¹Verum
842 2239 930 2311 puella
940 2241 995 2311 jam
1007 2241 1135 2292 Postumo
1141 2257 1239 2309 nume-

175 2319 288 2372 Roman.
308 2337 366 2390 cap.
386 2338 431 2372 rr.
452 2319 530 2390 Regis
549 2339 685 2374 sacrorum
728 2331 771 2373 rat
781 2359 789 2386 ,
801 2319 870 2390 patri
886 2319 1007 2372 Postumi
1020 2319 1152 2389 Augusti,
1164 2331 1194 2370 ut
1207 2335 1239 2370 ex

175 2394 248 2469 apud
261 2397 380 2452 Tullium
395 2399 495 2452 mentio
506 2411 544 2452 est
554 2438 562 2464 ,
572 2401 600 2452 iu
616 2412 683 2455 orat.
728 2412 802 2453 ortate
808 2399 882 2453 istius
890 2398 1058 2469 intelligitur.
1066 2400 1132 2451 Eam
1142 2399 1240 2450 obrem

175 2474 210 2530 de
220 2479 316 2548 Arusp.
327 2489 354 2531 et
364 2497 415 2551 pro
427 2477 509 2532 domo
522 2497 577 2534 sua.
585 2481 624 2532 De
635 2479 685 2533 hac
728 2479 855 2550 parvidus
868 2478 896 2530 in
910 2479 962 2530 isto
973 2495 1085 2530 nummo
1097 2477 1201 2542 unicus,
1213 2491 1240 2530 et

175 2569 252 2628 geute
273 2557 368 2611 Albius
399 2557 450 2610 tuit
475 2559 560 2612 multo
592 2573 685 2632 postea
727 2559 772 2612 vix
785 2558 1012 2612 bimustrimusve
1027 2557 1198 2628 pingitur-II.

176 2635 287 2690 Clodios
296 2636 413 2691 Albinus
428 2638 514 2692 Cesar
531 2656 539 2692 ε
560 2643 636 2711 cujus
646 2652 685 2693 est
767 2645 793 2702 4.
809 2638 871 2689 Post
882 2642 1031 2689 conminuta
1038 2640 1237 2689 vicesimanus·

175 2733 301 2768 nummus
322 2716 366 2770 bic
395 2717 534 2788 singularis
556 2737 587 2772 ex
615 2737 684 2786 aare,
729 2731 777 2770 tom
799 2717 975 2790 Olympiadem.
989 2717 1029 2770 Ita
1046 2714 1155 2788 quidem
1169 2715 1242 2770 codi-

175 2813 237 2848 cum
247 2809 369 2868 argentea
382 2797 486 2851 bractea
504 2788 627 2872 (gallice,
640 2803 686 2852 mi·
727 2817 770 2852 ces
779 2799 845 2868 neg.
860 2814 885 2861 r,
898 2817 925 2859 a,
938 2796 1057 2850 colbert.
1074 2814 1098 2858 r,
1112 2817 1140 2856 a,
1155 2794 1237 2850 Paris.
1314 2785 1321 2799 ⁸

175 2867 374 2939 daiilesourree):
384 2874 567 2946 nitidissimus,
573 2892 601 2932 et
610 2898 684 2950 egre·
728 2879 817 2933 Tolet.
826 2875 918 2930 chiffl.
929 2877 1031 2931 Verum
1039 2875 1157 2928 Pliniana
1168 2874 1239 2929 ratio

176 2954 225 3024 gio
235 2957 371 3018 caelaturis,
384 2956 411 3008 lu
422 2957 516 3025 Museo
526 2959 559 3011 Β.
571 2958 685 3012 Abbatis
728 2958 756 3010 iu
772 2955 978 3028 olympiadibus
992 2954 1178 3027 computandis
1185 2955 1239 3026 legi

177 3034 298 3088 Fanum..
315 3037 378 3090 Pars
397 3037 504 3090 nummi
518 3037 595 3108 prior
612 3039 685 3092 bunc
728 3039 859 3109 postulat,
873 3048 930 3108 post
946 3035 1119 3090 CXXVIIII.
1145 3037 1239 3106 Itaque

174 3112 281 3167 titulum
295 3115 374 3170 habet
386 3155 394 3180 ,
404 3133 433 3169 u.
445 3133 557 3170 cnonrvs
571 3136 686 3171 austras
729 3129 781 3171 tres
795 3116 903 3170 unitatis
910 3128 986 3169 notas
998 3114 1100 3169 librarii
1113 3115 1159 3168 bic
1170 3115 1238 3167 omi-

175 3211 247 3247 ωε.
262 3195 348 3266 capite
365 3193 439 3248 nado
445 3196 588 3267 posterior,
594 3197 686 3263 istum,
728 3210 821 3250 serunt
830 3209 929 3249 temere
940 3207 966 3249 et
974 3195 1105 3266 imperite.
1119 3195 1151 3247 In
1164 3194 1240 3247 libris

175 3291 202 3326 r.
215 3291 247 3326 aa.
257 3291 302 3327 rr.
313 3294 340 3328 r.
354 3293 423 3328 xvrr.
434 3293 495 3328 rrar.
508 3294 560 3329 vn.
571 3293 683 3332 cosan.
727 3276 857 3330 hactenns
870 3274 948 3328 editis
960 3275 1040 3329 etiam
1057 3276 1132 3346 pejus
1148 3273 1240 3340 scribi·

173 3352 280 3416 Tutela,
289 3353 343 3407 sive
359 3352 437 3408 Fides
448 3354 565 3408 Caesarea
576 3356 684 3424 sedens,
727 3369 781 3422 tur,
797 3354 924 3409 CXXIII
936 3365 1049 3407 tantum.
1061 3355 1151 3407 Haan.

174 3443 309 3504 sceptrum
330 3433 435 3487 sinistra
459 3446 543 3500 tenet,
563 3434 685 3490 dextram
770 3433 795 3488 5.
814 3436 894 3506 Quum
904 3435 1134 3506 chsrrIius,etc.
1148 3433 1238 3486 Valer.

175 3509 290 3583 imponit
303 3513 496 3584 capitipnerali
507 3513 584 3581 nudi,
597 3515 630 3569 ad
640 3535 685 3587 ge·
728 3515 802 3569 Max.
818 3513 853 3568 de
868 3513 1015 3586 Prodigiis,
1034 3514 1081 3568 lib.
1094 3515 1123 3579 1,
1141 3531 1199 3584 cap.
1212 3516 1238 3566 6.

175 3609 229 3644 nna
240 3591 265 3645 ei
276 3591 408 3646 adstantis.
431 3593 568 3664 Significat
588 3614 685 3667 parva·
729 3597 833 3650 Daune.

173 3671 231 3724 lum
247 3672 376 3725 Cesarem
393 3671 478 3726 lilium
493 3672 619 3744 Pontificio
627 3673 687 3728 Mu·
772 3679 799 3730 6.
817 3675 920 3728 Coesuri.
933 3673 1099 3738 Plutarchus,
1106 3674 1133 3726 iu
1145 3672 1241 3727 cesar.

173 3752 248 3815 simi,
272 3751 413 3804 Tribunicio
437 3753 562 3805 Potestate
580 3755 685 3820 XVII,
730 3773 790 3827 pag.
807 3755 874 3825 7373
885 3753 1040 3825 Appianus,
1051 3752 1085 3806 de
1098 3753 1164 3806 Bell.
1179 3752 1237 3805 civ.

175 3825 324 3900 imperatoris
340 3831 410 3898 VII,
434 3830 546 3885 Consulis
563 3833 634 3901 VII,
653 3853 685 3888 ac
731 3833 778 3888 lib.
786 3835 869 3907 11,p‚
882 3832 1135 3888 tonsaeroniusin
1147 3831 1238 3895 Iulio,

174 3908 288 3980 proinde
306 3910 448 3964 Commodi
467 3913 593 3984 Augusti,
611 3932 684 3967 com·
729 3933 752 3968 c.
765 3932 875 3968 nxavrr:
892 3912 1240 3983 «Enarrogautiarprogrcs-

174 3987 286 4042 missum
300 3989 405 4060 abipso
425 3991 518 4056 faiam,
536 4009 619 4064 quum
633 3993 684 4047 sibi
729 4011 772 4047 sus
786 4007 840 4060 est,
852 4007 883 4046 ut
897 3993 1019 4064 aruspice
1034 3992 1127 4053 tristia,
1142 4002 1168 4043 et
1182 3989 1239 4043 sine

176 4067 272 4121 instare
289 4087 411 4141 suprema
430 4081 551 4142 tempora
568 4075 604 4126 ob
614 4073 685 4128 inva-
729 4072 810 4128 corde
817 4087 876 4127 exta
886 4091 961 4128 sacro
967 4069 1084 4145 quodam
1090 4069 1238 4131 nuntiante,

177 4145 326 4202 letudinem
351 4149 522 4222 intelligeret,
547 4153 636 4207 tutelas
653 4172 685 4207 ac
729 4148 1239 4223 foturadiceretlaetiora,quumvellets
