3200 5159
583 507 746 576 ,uranu
777 509 822 576 x.
1033 470 1039 486 ’
1168 510 1240 605 319

170 643 411 738 approbantur.
428 639 572 709 Feminae
582 639 714 734 quiden}
734 639 777 708 ad
795 642 943 735 saginam
962 667 1030 710 non
1048 667 1168 720 omues,
1180 643 1238 714 eli·

171 763 311 845 guntur,
331 773 392 818 nec
409 749 472 817 nisi
490 747 524 816 in
539 748 668 816 cervice
685 747 799 840 pingui
817 761 905 816 cute.
922 750 1041 817 Postea
1051 747 1237 821 culinarum

170 869 275 940 artes,
295 869 333 925 ut
348 852 461 923 clunes
471 850 495 878 ¹⁰
514 867 715 948 spectentur,
733 867 770 921 ut
786 851 977 922 dividantur
995 853 1061 923 in¹¹
1084 869 1235 951 tergora,

172 975 242 1030 uta
260 961 344 1057 pede
364 985 433 1030 uno
451 957 592 1030 dilatatae
606 957 830 1053 repositoria¹²
849 976 1023 1055 occupent.
1049 961 1183 1032 Dedere
1203 978 1238 1034 et

171 1053 315 1136 Parthi¹³
338 1068 426 1138 cocis
448 1090 525 1135 suos
546 1089 666 1134 mores.
684 1066 756 1135 Nec
778 1079 888 1135 tamen
910 1068 946 1137 in
964 1067 1030 1137 hoc
1057 1072 1237 1162 mangonio

170 1173 351 1268 quidquam
368 1188 475 1242 toturn
493 1170 601 1267 placet
619 1197 627 1239 :
646 1171 702 1240 hic
720 1169 834 1259 clune,
857 1171 935 1242 alibi
953 1187 1088 1268 pectore
1108 1189 1238 1246 tantum

171 1277 324 1350 laudatis.

224 1388 366 1455 LXXII.
391 1382 547 1454 Ariaria¹
576 1384 704 1477 primus
734 1385 875 1453 instituit
892 1438 903 1472 ,
923 1383 1058 1455 inclusis
1088 1389 1270 1457 omniumr

171 1516 330 1586 generum
348 1491 482 1577 avibus,
501 1493 550 1560 Μ.
573 1490 723 1560 Laenius²
742 1490 863 1560 Strabo
889 1488 1053 1560 Brundisii
1078 1496 1238 1587 equestris

171 1599 304 1668 ordinis.
324 1601 374 1668 Ex
388 1623 428 1666 eo
442 1598 603 1692 coepimus
618 1620 751 1666 carcere
767 1595 920 1666 animalia
931 1622 1102 1686 coercere,
1118 1601 1238 1694 quilius

171 1729 282 1773 rerum
303 1719 421 1773 natura
443 1702 559 1774 caelum
583 1688 830 1797 assignaverat³.
852 1692 941 1794 (nr.)
963 1706 1109 1773 Maxime
1126 1720 1238 1776 tamen

170 1811 306 1908 insignis
326 1795 397 1880 est⁴
417 1811 451 1878 in
476 1809 539 1879 hac
564 1810 745 1895 memoria,
773 1807 883 1878 Clodii
911 1811 1026 1904 AEsopi
1050 1814 1168 1907 tragici
1187 1813 1238 1882 lsi·

171 2011 230 2047 sves
258 1993 359 2059 lacere,
381 1991 465 2042 mulsa
485 2004 593 2045 recente
612 2007 680 2061 squs
728 2007 753 2052 r,
777 1991 863 2043 Lem.
880 1989 919 2043 m
937 1993 1043 2056 Varro,
1065 1990 1154 2045 delle
1169 2007 1238 2048 rust.

169 2070 290 2144 predicti
306 2071 410 2142 generis
429 2069 541 2122 sarisam
556 2087 681 2141 conspar-
724 2069 840 2135 lib.111,
855 2089 913 2141 esp.
928 2071 944 2124 5
959 2088 966 2123 ε
982 2097 993 2119 ι
1007 2072 1124 2136 Diceris,
1135 2073 1237 2144 inquit,

170 2166 252 2224 gunt,
262 2165 288 2204 et
301 2152 337 2204 its
348 2150 474 2224 farciunt.
486 2175 497 2196 υ
514 2149 606 2202 Heron
616 2167 681 2222 quo·
723 2148 803 2220 longe
823 2149 916 2202 vicisse
932 2152 1096 2224 archetypon
1113 2153 1236 2206 invento·

170 2251 224 2303 que
244 2230 369 2301 Georgici
385 2229 522 2282 volumine
537 2229 621 2294 XIV,
634 2247 681 2282 su·
723 2228 761 2282 ris
780 2230 864 2282 nosci
884 2231 1073 2302 ὄρνιθοτροφιίων
1097 2232 1135 2284 Μ.
1155 2233 1238 2288 Lucii

170 2331 239 2366 seres
252 2311 388 2364 melicrsto
397 2309 509 2381 saginari
525 2307 616 2361 tradit.
629 2310 659 2362 Ρ.
725 2308 878 2373 sunnonis,
889 2310 936 2381 qui
945 2311 1078 2363 Brundisii
1090 2312 1185 2381 hospes
1191 2331 1239 2366 no·

214 2409 255 2445 ro.
269 2391 401 2444 uictum.
415 2389 487 2443 Galli
497 2401 680 2442 suranorum.
723 2399 776 2440 ster
784 2388 885 2458 primus
894 2390 922 2441 in
929 2391 1151 2462 peristylolrsbuit
1158 2393 1238 2446 exlre·

169 2471 314 2535 Martialis,
328 2469 376 2523 lib.
388 2469 446 2536 Ill,
458 2467 527 2539 epig.
539 2487 572 2520 nx
586 2468 681 2522 21Ce·
724 2465 773 2519 drs
791 2467 927 2522 conclusas
938 2488 1011 2533 ares,
1031 2489 1097 2540 quss
1118 2485 1239 2541 pasceret

169 2569 230 2604 reus
250 2547 398 2603 immodicis
414 2561 502 2602 turtur
516 2560 545 2601 tc
560 2548 682 2601 clunibus
725 2547 829 2617 objecto
842 2561 912 2610 rete,
929 2561 1004 2602 etc·
1021 2549 1087 2602 Mos
1106 2551 1186 2603 mam
1205 2572 1238 2606 es

168 2631 269 2702 implet.
284 2655 295 2677 ι
311 2630 403 2682 Hsnn.
723 2627 841 2696 vestigiis
862 2626 938 2680 MSS.
957 2627 1082 2682 codicum
1100 2632 1238 2702 rescripsi·

213 2728 259 2763 rr.
276 2709 311 2762 Ut
320 2709 495 2762 dividunturiu
509 2718 617 2777 tergora.
631 2708 681 2761 Ju-
725 2725 850 2760 muscum
861 2707 1001 2765 plutiano,
1014 2735 1025 2755 ι
1036 2709 1136 2779 quibus
1146 2729 1237 2764 rerum

169 2788 284 2850 venalis,
299 2802 346 2842 sat.
362 2807 395 2840 r:
413 2815 424 2836 ι
439 2825 465 2840 ..
482 2805 551 2840 .neo
569 2787 681 2840 minimo
724 2797 818 2838 natura
841 2787 935 2840 carlum
962 2788 1146 2858 assignaverat.
1163 2815 1174 2836 ·
1203 2793 1238 2844 In

170 2887 231 2922 saue
251 2867 405 2922 discrimine
425 2865 519 2928 refert,
532 2867 595 2931 Quo
606 2879 680 2938 gestu
724 2863 819 2929 editis,
832 2865 917 2937 quibus
931 2879 1028 2921 satura.
1044 2870 1076 2920 ln
1089 2869 1165 2922 MSS.
1179 2875 1236 2944 qui·

170 2949 286 3021 lepores,
299 2961 326 3001 et
348 2965 401 3019 qno
422 2945 519 3018 gallina
538 2959 647 2999 secetur.
665 2973 676 2994 ι
723 2943 851 2998 deirebus
866 2958 964 2997 meurs.
977 2948 1124 3001 Familisris
1135 2948 1237 3003 locutio

169 3029 266 3082 Seneca
288 3027 322 3081 ad
337 3027 423 3080 Lucil.
440 3053 451 3074 ι
466 3025 539 3077 Alius
553 3027 680 3097 pretiosas
723 3025 849 3097 scriptori
858 3039 965 3089 nostro,
979 3040 1067 3078 aarum
1083 3047 1167 3080 rerum.
1180 3031 1215 3083 ll.

170 3127 231 3160 ares
244 3106 388 3173 scindit‚et
396 3125 444 3178 per
455 3115 546 3175 pectus
554 3119 581 3160 et
589 3106 680 3160 clunes
764 3106 791 3159 3·
809 3106 1006 3175 Quibusnam
1026 3108 1110 3159 roelum
1127 3113 1237 3178 assigna-

168 3185 378 3240 certisdnotibss
386 3185 576 3240 circumferens
589 3185 679 3238 erudi-
723 3197 795 3238 rme.
804 3187 894 3238 Ambo
901 3197 991 3238 nostra
997 3205 1101 3257 exemp.
1112 3189 1237 3253 ·Quibos

169 3279 222 3320 tam
244 3285 368 3331 manum,
385 3267 413 3319 in
434 3266 516 3317 frusta
536 3265 642 3320 excutit.
664 3291 676 3313 ·
722 3266 802 3318 rebus
816 3277 911 3318 natura
924 3265 1017 3320 carlum
1030 3268 1231 3338 assignaverat..

169 3348 272 3400 Dine.
723 3345 819 3398 Scribo
843 3363 850 3397 z
876 3371 887 3391 ι
903 3345 1010 3410 Quibus
1029 3365 1118 3399 rerum
1141 3361 1235 3403 natura

213 3445 256 3478 rs.
274 3425 434 3495 Rspmitorio.
448 3427 488 3476 De
501 3424 550 3476 hac
560 3443 625 3478 voce
636 3422 681 3477 di·
722 3424 816 3476 celum
833 3425 1015 3495 assignaverat.
1032 3451 1043 3472 ι
1067 3427 1189 3480 Diximus
1209 3441 1236 3483 et

168 3523 273 3570 remus,
284 3505 331 3557 lib.
348 3505 478 3565 xxxffl,
492 3523 516 3557 e.
527 3511 574 3573 49.
586 3506 678 3558 lisso.
722 3504 786 3557 alibi
808 3504 936 3557 familiare
950 3504 1038 3558 Plinio
1054 3525 1110 3558 esse
1122 3510 1236 3579 Jungere

213 3586 258 3638 13.
268 3583 364 3636 Dedere
372 3584 497 3636 erPorrlu'.
506 3586 552 3636 Est
558 3584 678 3655 quedam
722 3581 777 3636 duo
790 3583 848 3636 laec
865 3585 961 3648 serlus,
980 3605 1058 3636 rerum
1077 3598 1166 3638 mtrem
1180 3607 1191 3640 .-
1205 3601 1236 3641 ut

168 3667 196 3718 in
208 3678 265 3718 arte
273 3682 421 3735 coquorum
430 3704 437 3731 ,
447 3678 476 3718 ut
485 3665 512 3716 in
520 3665 679 3718 Parthorum
722 3663 750 3716 in
758 3663 813 3716 flue
821 3663 916 3735 capitis
928 3666 1078 3736 aequastis:
1091 3691 1102 3712 ι
1114 3666 1236 3720 Summas

166 3746 303 3808 moribus,
319 3744 444 3797 luxuries.
460 3746 550 3796 llsnn.
712 3759 814 3796 'rerum
827 3756 930 3797 naturm
943 3763 1033 3814 opes,-
1048 3757 1073 3798 et
1081 3746 1176 3815 passim
1186 3747 1235 3799 tilsi

209 3825 319 3888 LXXII.
344 3843 369 3877 r.
395 3823 506 3878 Arinem.
530 3813 678 3893 ὁρνιθῶνας,
723 3823 843 3894 exempla
854 3835 1003 3878 occurrent.
1016 3827 1097 3878 Prsr.

168 3904 210 3955 des
224 3905 334 3956 mlieres.
348 3904 438 3958 Hasn.
764 3909 789 3966 4.
802 3904 912 3955 Maxime
923 3907 1110 3974 tsmimignis
1118 3916 1170 3967 est,
1181 3917 1234 3958 etc.

211 4003 236 4037 s.
261 3984 299 4036 M.
322 3985 418 4036 Loeuim
442 3983 535 4036 Strudo
553 3981 680 4034 Brundisii
722 3981 791 4053 Lege
806 4000 814 4035 τ
827 3983 935 4036 Maxim
951 3996 1029 4035 tmen
1043 3987 1143 4054 insignis
1157 3995 1195 4035 ert
1209 3989 1235 4036 ia

169 4063 391 4134 equestrisordisse's.
411 4063 443 4116 In
463 4061 541 4116 editis
553 4062 680 4114 hsctenus
722 4062 768 4113 lice
782 4067 894 4115 macria
915 4064 1000 4116 Clodii
1011 4064 1104 4134 AEsopi
1112 4069 1200 4134 patina
1213 4065 1239 4118 C

168 4142 256 4209 libris,
268 4143 420 4208 M.Loelr'ru‚
431 4140 679 4211 modoselntteg.
722 4146 955 4209 reseruemur,
973 4147 998 4196 in
1012 4163 1060 4216 qus
1075 4146 1160 4215 posuit
1180 4164 1235 4198 cm
