3200 5159
393 515 465 592 258
653 513 691 582 C.
720 510 894 606 Petunt
920 511 1031 584 ΝΑΤ.
1060 511 1189 579 HIST.

392 664 534 749 gregatae
552 648 637 716 inter
655 671 690 715 se
707 623 1010 714 commurmurant⁵
1018 667 1176 738 ,eamque
1189 667 1263 737 qua·
1279 643 1459 713 novimima

392 757 542 844 advenit,
559 737 725 824 lacerant⁶
734 763 863 845 ,etque
882 752 928 820 ita
948 750 1080 820 abeam.
1095 750 1257 820 Notatum
1264 762 1368 894 ,pos7t
1381 748 1461 818 ldua

393 868 560 958 Augustas
587 884 655 930 non
681 873 806 927 temere
828 859 915 927 visas
938 857 994 926 ibi.
1022 859 1107 926 Sunt
1102 858 1184 988 qui
1205 855 1358 925 ciconiis⁷
1392 879 1462 924 nou

393 973 500 1040 inesse
530 967 657 1085 linguas
684 963 892 1034 confirment.
916 965 1077 1032 Hon0s”
1056 950 1113 1032 ιιιο
1136 963 1338 1057 serpentium
1358 963 1463 1030 exitio

393 1091 522 1162 tantus,
536 1087 574 1142 ut
586 1075 621 1141 in
633 1069 802 1140 Thessalia
815 1068 956 1165 capitale
970 1069 1069 1145 luerit
1082 1069 1260 1140 occidisse·
1251 1068 1462 1163 ,eademque

393 1182 521 1278 legibus
536 1203 652 1274 prena,
673 1203 746 1271 quae
768 1178 803 1245 in
820 1176 1035 1246 homicidam.

362 1322 373 1356 ι
426 1289 593 1356 .xxx11.
603 1283 710 1355 Simili
728 1305 861 1352 anseres
882 1306 1015 1378 quoque
1036 1296 1069 1350 et
1090 1278 1199 1350 olores
1219 1281 1348 1350 ratione
1366 1303 1463 1350 com·

394 1409 507 1464 meant
524 1417 531 1460 :
548 1391 605 1462 sed
624 1391 746 1459 horum
760 1387 891 1458 volatus
909 1389 1057 1458 cernitur
1075 1412 1082 1455 :
1104 1385 1343 1457 liburnicarum
1361 1386 1463 1458 modo

403 1511 545 1570 rostrato
561 1496 858 1592 impetuferuntur,
870 1494 998 1566 facilius
1012 1497 1057 1563 ita
1071 1493 1235 1563 findentes
1249 1517 1344 1577 aera,
1361 1515 1463 1588 quam

396 1610 532 1676 sirecte
556 1603 665 1672 fronte
686 1600 893 1698 impellerent
916 1627 925 1670 ι
947 1626 966 1670 a
988 1615 1082 1696 tergo
1103 1601 1223 1670 sensim
1246 1598 1404 1670 dilatante
1428 1623 1462 1668 se

396 1709 521 1784 cuneo¹
540 1711 722 1806 porrigitur
746 1733 890 1804 agmen,
919 1706 1074 1802 largeque
1095 1705 1277 1801 impellenti
1296 1707 1463 1802 praebetur

396 1843 496 1888 aurae.
508 1815 604 1887 Colla
619 1817 795 1908 imponunt
802 1814 1063 1909 praecedentibus
1076 1813 1195 1882 :fessos
1206 1813 1308 1883 duces
1319 1811 1362 1882 ad
1368 1827 1463 1907 terga

397 1925 573 2020 recipiunt.
610 1921 756 1992 Ciconiae
795 1919 908 1990 nidos²
931 1920 1063 1990 eosdem
1104 1933 1261 2015 repetunt
1289 1933 1297 1977 :
1334 1920 1463 2016 genitri-

397 2165 460 2218 μιν,
472 2145 546 2216 qued
561 2141 705 2213 Pythonia,
715 2142 769 2194 aive
779 2142 910 2212 serpentia
952 2141 1039 2194 edocti
1054 2135 1365 2212 experimento'greriter
1376 2139 1464 2192 bello·

396 2243 492 2296 pagum
509 2222 614 2276 dixerit.
628 2221 691 2274 Haec
708 2221 815 2273 solinu·
836 2234 909 2274 men·
952 2221 1036 2275 cinari
1048 2238 1094 2273 eoa
1109 2219 1281 2291 effimemue.
1300 2219 1393 2272 nnn.

398 2305 502 2376 scripsit
512 2301 631 2364 aPlinio,
642 2300 720 2370 plene
734 2298 768 2352 ad
779 2299 910 2365 verbum,
994 2303 1020 2355 8.
1031 2300 1117 2351 Honor
1124 2303 1163 2353 iis.
1173 2297 1299 2352 Totidem
1308 2298 1397 2351 verbis
1406 2298 1464 2352 hac

398 2401 458 2454 cap.
478 2401 527 2448 xe,
544 2398 604 2451 pag.
620 2397 668 2449 71.
683 2379 810 2432 Albertue
826 2398 909 2445 vero,
952 2392 1043 2433 narrat
1055 2380 1157 2432 Auctor
1169 2378 1233 2430 libri
1248 2376 1283 2430 de
1297 2377 1396 2432 Mirab.
1409 2379 1464 2431 Au·

398 2465 451 2517 loc.
466 2463 511 2516 cit.
525 2461 644 2514 fabulosa
665 2470 777 2512 censet:
802 2457 910 2523 «de
954 2461 1104 2529 ocultpeg.
1119 2463 1208 2520 ιιᾶι,
1228 2469 1256 2510 et
1273 2457 1396 2522 Solinus,
1412 2458 1464 2512 loc.

399 2554 486 2596 eutem
504 2538 625 2612 quidam,
647 2536 754 2608 inquit,
769 2539 912 2610 vulgariter
955 2538 1000 2591 cit.
1015 2539 1127 2610 aliique,
1144 2555 1211 2608 quoa
1227 2536 1290 2590 citet
1306 2537 1465 2601 metrum,

400 2623 539 2692 loquentes
559 2618 653 2672 dicunt
675 2617 723 2670 has
743 2635 803 2670 ares
824 2618 913 2670 hieme
955 2615 990 2670 de
1002 2618 1119 2672 Animal.
1136 2628 1212 2687 perte
1223 2617 1269 2684 11,
1282 2617 1330 2670 lib.
1345 2617 1390 2682 11,
1405 2634 1464 2689 cap.

400 2701 522 2754 recedere
542 2698 573 2769 in
589 2709 676 2768 parter
689 2697 820 2760 Orientis,
836 2711 864 2750 et
883 2697 913 2749 in
958 2715 1079 2769 29,peg.
1097 2696 1163 2765 3²9·
1174 2696 1265 2749 llun.

400 2779 529 2834 Aniaeeee
544 2776 707 2847 campumin
720 2795 775 2847 quo
788 2793 913 2847 reeupe-
994 2777 1147 2830 xxmr.
1159 2776 1467 2836 &lamentantem

400 2871 484 2923 etant,
496 2870 523 2912 et
533 2858 605 2910 illam
622 2873 681 2928 quae
696 2855 792 2908 ultimo
804 2857 912 2909 veniens
955 2858 1069 2910 formem
1087 2855 1182 2909 litterar
1202 2856 1362 2909 Graecorum
1380 2857 1466 2926 maju-

401 2939 483 2992 aciem
499 2935 628 3002 retardet,
649 2933 821 2988 dilacerare...
835 2953 910 2988 men·
954 2936 1050 3000 oculte,
1072 2953 1152 3008 quam
1167 2931 1275 3006 te'pssde
1290 2949 1400 2997 vocem,
1417 2954 1467 2989 roe

401 3017 570 3074 deciumeare
585 3028 686 3069 certum
703 3028 742 3068 aet
753 3014 854 3087 triplici
868 3034 912 3068 re·
954 3017 1067 3069 lentium
1091 3034 1185 3087 agmen
1210 3017 1316 3068 referet.
1342 3016 1467 3079 Carene,

401 3098 494 3159 tione,
516 3108 595 3148 etc.»
618 3094 708 3148 Hinc.
732 3127 772 3138 -
788 3095 912 3168 Pythonos
955 3108 987 3149 ot
1003 3114 1083 3148 nemo
1103 3097 1222 3167 ignoret,
1240 3094 1276 3148 de
1293 3093 1467 3150 multitudine

402 3194 490 3230 romeu.
506 3175 611 3246 Dispice
628 3175 672 3228 liic
688 3192 721 3225 cn
736 3175 805 3228 bene
822 3192 914 3245 sopra·
956 3175 1134 3247 pugnantium
1150 3174 1259 3241 dicitur,
1275 3174 1304 3228 in
1322 3175 1400 3228 cunei
1412 3175 1468 3227 lor·

402 3267 562 3310 memoretur
577 3255 731 3307 Gonnoonr
753 3253 786 3306 ad
805 3254 913 3309 Siberiar
956 3273 1026 3308 mam
1039 3253 1158 3320 redacte,
1176 3273 1236 3326 qua
1255 3267 1352 3308 cuncte
1369 3255 1399 3307 in
1412 3254 1468 3307 ecia

402 3349 475 3389 trena
495 3334 577 3387 Obim
597 3333 707 3387 flurium
727 3333 783 3386 eitra
799 3345 913 3386 tractum
955 3336 1045 3406 primo
1054 3336 1199 3405 cognatior,
1207 3333 1303 3388 deinde
1313 3333 1468 3405 latiorpro·

403 3415 583 3486 Serponouwtzr'
597 3414 708 3467 relatum
722 3414 848 3468 voluerit.
865 3416 913 3466 Ar.
957 3413 1041 3479 cedit,
1054 3426 1163 3468 auctore
1176 3415 1299 3486 Vegetio.
1312 3415 1405 3467 Ηιιυ.

445 3494 471 3547 5.
482 3496 584 3547 laterae
599 3505 806 3546 commurmurant.
817 3494 913 3547 Gloto·
1000 3513 1025 3546 a.
1039 3495 1147 3548 Cicouioe
1156 3495 1234 3548 nidor.
1252 3493 1355 3564 Gaeper
1368 3490 1469 3545 Heldo·

403 3571 589 3627 rerecicouias
599 3571 669 3626 dixit
683 3585 774 3626 auctor
788 3573 916 3648 ροοιιιιιίο
957 3573 1042 3638 linus,
1066 3575 1095 3626 in
1122 3575 1252 3629 Ειιοοωίο
1278 3574 1414 3638 Ciconin,
1439 3571 1469 3626 in

404 3651 438 3706 de
453 3652 607 3725 philomela,
622 3675 633 3696 ι
646 3653 769 3706 Glotorat
783 3655 916 3706 immenso
959 3653 1098 3724 Amphith.
1107 3654 1249 3725 Sepsocr.
1262 3673 1290 3724 p.
1303 3659 1359 3719 46²
1373 3673 1380 3704 r
1398 3678 1411 3702 ι
1423 3652 1470 3706 ci·

405 3733 439 3787 de
453 3745 527 3786 turre
535 3730 636 3786 ciconia
646 3744 742 3784 rostro.
755 3757 767 3779 ·
785 3732 874 3787 Haeo.
959 3734 1035 3787 wuie
1050 3733 1141 3804 primo
1155 3734 1277 3804 pretioue
1293 3731 1412 3789 adventu
1423 3750 1470 3785 re·

445 3817 473 3868 6.
488 3813 615 3864 Lacerant.
625 3811 708 3864 Solin.
719 3811 848 3865 lancium.
863 3813 900 3865 Η.
960 3826 1041 3866 terem
1053 3812 1150 3866 nidmu
1159 3813 1275 3886 repetit:
1288 3829 1369 3883 quem
1381 3811 1472 3883 tiqui·

446 3911 472 3963 7.
486 3890 550 3944 Sunt
564 3895 606 3964 qru'
614 3893 718 3943 ciconiu.
734 3891 853 3957 Solinus,
863 3893 915 3945 loc.
958 3891 1020 3946 dem
1032 3893 1132 3946 calvum
1147 3907 1174 3946 et
1185 3892 1345 3946 incolumem
1356 3892 1473 3952 invenit.

405 3969 849 4042 cit-Areeistaaferuntliuguem
858 3991 915 4026 nou
960 3971 1076 4026 collectio
1102 3973 1218 4026 hiberno
1251 3973 1304 4025 ritu
1334 3970 1471 4034 eor-dibeo,

403 4053 512 4105 habere.
529 4077 541 4098 ι
574 4048 626 4104 Sed
652 4051 706 4104 lulli
735 4069 781 4104 eoa
814 4051 917 4106 Plinius
959 4052 1046 4105 rtatim
1060 4066 1187 4124 repurget
1207 4053 1412 4123 instauratque:
1429 4051 1473 4103 ain

405 4133 566 4185 subobscure
593 4129 693 4184 indicat
726 4150 733 4182 ι
762 4149 811 4186 ιιοιι
843 4145 916 4187 certo
960 4132 1474 4203 entioreeliquerentornmtempeetete
