3200 5159
395 532 443 602 88
653 537 692 605 C.
715 536 876 606 PLINII
903 536 1014 605 Nat.
1044 534 1169 604 HIST.

359 684 372 719 ¹
445 668 606 735 XXXIV.
629 654 736 759 (xix.)
758 670 901 738 Miratur
921 684 954 739 et
971 668 1111 739 Arcadia
1131 690 1227 735 suum
1249 667 1453 738 exocoetum¹

391 770 590 865 appellatum
600 772 642 841 ab
652 798 707 857 eo,
717 775 807 868 quod
816 777 850 844 in
865 776 988 846 siccum
1003 776 1109 845 somui
1123 797 1221 843 causa
1234 790 1341 843 exeat.
1355 777 1455 843 Circa

392 875 589 963 Clitorium²
608 879 731 949 vocalis
741 881 796 950 bic
810 882 968 967 traditur,
993 895 1027 950 et
1044 882 1114 950 sine
1131 866 1316 949 branchiis³
1336 906 1344 948 τ
1366 879 1454 949 idem

352 1023 355 1029 -
392 980 556 1076 aliquibus
575 984 690 1055 adonis
710 974 849 1056 dictus⁴.

392 1160 419 1199 et
428 1143 564 1201 decembri
576 1152 824 1221 mensecapiuntur,
834 1169 905 1205 anno
948 1152 1034 1204 tulum
1058 1150 1185 1222 temporis
1203 1149 1307 1205 vivunt.
1337 1152 1455 1204 Corma.

393 1237 452 1277 toto
461 1226 582 1299 reliquo,
595 1247 751 1301 numquam.
763 1233 906 1285 Danau-
989 1250 1015 1284 a.
1043 1231 1116 1286 Circa
1144 1231 1279 1285 Clitorium.
1305 1231 1408 1300 Nempe
1426 1229 1455 1281 in

393 1306 567 1360 Alausssvero
576 1308 645 1363 eirca
654 1309 825 1381 argentinam
833 1330 907 1365 men·
949 1310 1066 1363 Aroanio
1086 1328 1178 1375 amne,
1194 1310 1355 1364 obscurioris
1368 1308 1456 1362 nomi·

395 1403 422 1437 se
437 1387 506 1438 maio
520 1400 632 1454 tautum,
645 1390 671 1442 in
685 1390 787 1443 Rheno.
801 1390 862 1455 Qua
872 1390 906 1443 de
948 1390 999 1455 nis,
1011 1390 1095 1462 quiin
1106 1389 1246 1442 Clitorium
1257 1388 1399 1454 influit,ut
1409 1406 1456 1440 au·

394 1482 424 1517 re
436 1465 582 1532 Gesnerus,
605 1466 639 1521 de
655 1468 771 1524 Animal.
789 1470 905 1541 Paralip.
948 1482 1009 1522 otor
1023 1483 1062 1523 est
1076 1468 1216 1522 Pausanias
1232 1470 1284 1521 loc.
1296 1470 1342 1522 cit.
1360 1482 1385 1521 et
1394 1466 1457 1520 Phi·

394 1542 502 1598 nutv,
722 1569 745 1583 ··
947 1547 1136 1619 lostbepbauus
1157 1550 1313 1618 Cyrenaeus,
1331 1547 1457 1602 Callima·

435 1624 904 1699 XXXIV.r.ancoetamappeilatmu.
948 1628 990 1681 clii
1011 1626 1160 1692 familiaris,
1180 1627 1207 1680 in
1230 1627 1300 1680 libro
1317 1646 1397 1699 quern
1412 1626 1455 1679 in·

396 1694 452 1756 ist
476 1712 518 1757 τοῦ
543 1707 588 1769 liu
611 1711 711 1778 κοιτᾷν,
737 1708 810 1778 quod
834 1720 907 1761 extra
949 1706 1135 1779 scripsit,rrspl
1152 1713 1200 1759 τῶν
1214 1702 1361 1774 παραδόξων
1375 1725 1456 1759 uara·

397 1802 477 1853 aquas
484 1785 545 1837 etin
557 1787 628 1839 sicco
638 1784 769 1851 dormiat,
780 1787 906 1840 ntheo-
949 1792 1011 1857 μῶν.
1027 1786 1127 1839 Sanum
1141 1786 1237 1847 borum
1254 1786 1368 1857 piscium
1380 1798 1458 1856 negat

397 1863 497 1934 phrast.
510 1865 537 1918 in
553 1865 692 1935 fragment.
701 1864 735 1919 de
747 1867 866 1920 Piscibus
878 1868 906 1921 in
949 1884 977 1919 se
984 1866 1122 1939 Pausanias
1130 1862 1259 1918 audivisse
1266 1865 1359 1927 ullum,
1367 1884 1458 1937 quam·

397 1942 468 1994 sicco
481 1943 651 2013 degentibus,
660 1965 718 2017 pag.
731 1950 796 2001 282.
808 1946 906 2005 Habet,
949 1946 989 1999 vis
1003 1944 1158 2017 experiundi
1173 1963 1249 1998 causa
1268 1964 1300 1999 eo
1318 1945 1411 2015 saepius
1430 1962 1458 1995 se

399 2021 486 2091 inquit
498 2023 606 2085 Plinius,
617 2024 843 2095 quemadmodum
854 2044 908 2078 ma·
950 2026 1111 2078 contulisset.
1137 2024 1249 2077 Vocales
1274 2036 1371 2083 ¹tamen
1401 2024 1458 2077 Cli·

399 2119 439 2165 re,
453 2104 487 2153 ita
502 2119 528 2154 et
550 2102 668 2177 undique
689 2124 705 2157 a
725 2105 792 2157 mari
807 2118 908 2158 remota
951 2104 1013 2158 torii
1027 2104 1111 2157 amuis
1127 2104 1212 2175 pisces
1231 2101 1321 2156 laudat
1337 2104 1458 2155 Mnaseas

400 2178 530 2246 Arcadia,
546 2201 622 2235 suum
636 2203 744 2255 quoque
757 2171 907 2256 esocoetum
950 2184 1101 2248 Patrensis,
1125 2182 1196 2255 apud
1209 2183 1306 2237 Athen.
1319 2183 1366 2235 lib.
1380 2182 1457 2245 VIII,

401 2261 504 2313 marino
516 2281 616 2333 parem.
632 2264 679 2315 Est
692 2263 763 2316 enim
777 2277 909 2317 exocoetus
953 2281 1012 2335 pag.
1030 2262 1092 2317 331.
1105 2262 1197 2316 Haan.

400 2338 509 2392 marinis
538 2342 654 2410 piscibus
683 2342 908 2408 annumerandus,
992 2348 1016 2395 3.
1036 2344 1074 2394 Et
1091 2346 1142 2393 siue
1167 2341 1294 2394 branchiis.
1316 2340 1458 2395 Clearchus

397 2430 465 2470 teste
476 2418 605 2473 Clearcho
627 2411 818 2493 Peripatetico,
839 2423 908 2476 libro
951 2420 1140 2492 Peripateticus
1150 2419 1220 2491 apud
1230 2420 1458 2486 Athenarum,lib.

402 2515 481 2568 quem
508 2498 541 2551 de
565 2502 730 2571 Aquatilibus
754 2503 909 2573 inscripsit,
951 2500 1021 2553 VIII
1034 2501 1083 2554 sub
1103 2501 1191 2570 ipsum
1203 2500 1381 2573 principium,
1394 2498 1459 2553 scri·

400 2575 473 2649 apud
481 2577 724 2643 libentiuvtll,
735 2581 824 2652 pido
836 2582 909 2652 30p·
951 2579 990 2632 bit
1005 2582 1089 2648 ἰχθύων
1106 2580 1174 2641 τινὰς
1187 2582 1229 2632 οὐκ
1241 2582 1341 2649 ἔχοντας
1357 2582 1458 2650 βρόγχον

403 2658 495 2727 piano,
504 2660 619 2712 Halieut.
632 2660 677 2713 lib.
688 2661 709 2721 1,
724 2680 791 2713 vers.
807 2662 869 2725 158,
883 2673 910 2713 et
951 2650 1095 2730 φθέγγεσθαι
1108 2676 1115 2711 z
1129 2658 1257 2732 quosdam
1267 2661 1350 2731 pisces
1366 2677 1459 2712 vocem

399 2738 518 2803 stiliano,
530 2740 597 2790 Hist.
612 2739 700 2791 anim.
711 2739 848 2805 lib.1X,c.
861 2740 907 2795 36.
951 2738 1046 2804 edere,
1083 2732 1180 2811 quibus
1206 2752 1298 2809 guttur
1328 2758 1385 2791 uon
1417 2738 1459 2791 sit.

403 2818 491 2881 Quem
503 2836 565 2869 vero
572 2818 674 2870 Plinius
682 2819 727 2871 bic
740 2819 843 2885 laudat,
853 2838 908 2872 non
952 2819 1003 2871 Pro
1015 2820 1129 2889 βρόγχον,
1147 2817 1248 2871 Plinius
1260 2817 1323 2891 legit
1341 2819 1458 2887 βράγχια.

403 2896 426 2947 is
441 2908 549 2961 natura,
562 2896 608 2949 sed
617 2896 789 2951 similitudine
810 2898 908 2953 indolis
951 2899 1051 2952 Dannc.
1062 2898 1177 2955 -Ct'rca
1188 2897 1314 2951 Clitorium
1322 2898 1413 2949 accolis
1422 2898 1461 2947 hic

404 2989 535 3029 exocoetus
546 2988 585 3029 est
595 2998 601 3028 :
612 2977 723 3049 proprio
732 2978 840 3031 nomine
847 2984 907 3051 tist-
953 2978 1074 3047 traditur,
1085 2990 1109 3029 et
1119 2980 1170 3029 siae
1180 2977 1307 3030 branchiis.
1319 2977 1390 3047 Ergo
1403 2974 1461 3027 hal-

404 3055 482 3116 κιλὶας
500 3056 647 3109 acolorum
660 3058 784 3111 varietate
796 3057 908 3111 dictus:
951 3055 1095 3110 luciuatum
1116 3057 1232 3110 Plinium
1246 3056 1335 3109 Dalec.
1347 3056 1461 3127 suspica·

404 3152 420 3187 a
432 3152 538 3191 morum
550 3136 690 3201 affinitate,
699 3135 841 3191 Arcadicos
851 3156 910 3190 exo-
952 3147 1006 3205 tur,
1015 3137 1166 3208 raptimque
1175 3150 1200 3190 et
1207 3137 1304 3189 cursim
1316 3134 1387 3208 apud
1399 3134 1462 3186 seri·

405 3226 504 3278 cintus,
519 3214 591 3285 quod
602 3217 702 3284 pariter
710 3235 740 3269 ao
751 3217 870 3269 marinus
880 3217 909 3269 in
952 3228 1056 3285 ptorem
1080 3233 1209 3289 graccum,
1224 3216 1270 3286 qui
1283 3217 1384 3286 βρόγχον
1401 3214 1463 3267 scri·

404 3293 475 3345 sicco
487 3292 615 3357 dormiat,
630 3296 668 3348 nti
684 3314 716 3348 ex
731 3296 857 3350 Pausania
869 3294 910 3347 di·
953 3295 1062 3364 psisset,
1080 3296 1188 3365 βράγχια
1204 3292 1304 3366 legisse'.
1320 3294 1462 3347 Clearchus

405 3372 518 3437 scimus,
538 3372 750 3438 lib.V111,sire
772 3376 800 3427 in
813 3374 908 3428 moad.
954 3374 1026 3427 enim
1049 3373 1251 3445 Peripateticus,
1272 3372 1344 3447 apud
1362 3374 1462 3425 Athen.

405 3470 464 3522 pag.
475 3456 530 3523 487
540 3473 547 3517 ;
557 3467 637 3525 atque
648 3454 911 3527 ebeilostbeplrano
954 3452 1002 3506 lib.
1011 3454 1097 3519 VIII,
1116 3472 1177 3525 pag.
1194 3452 1260 3518 332,
1272 3466 1365 3506 auctor
1377 3465 1416 3505 est
1434 3452 1461 3504 in

405 3550 466 3585 mox
482 3533 588 3587 anobis
604 3531 746 3587 laudando.
764 3534 855 3589 Hanu.
873 3564 912 3577 -
955 3532 1067 3585 &cadis
1090 3534 1172 3603 pisces
1188 3551 1280 3585 rocem
1301 3531 1394 3597 edere,
1414 3531 1462 3584 etsi

405 3612 576 3665 ancoetum...
594 3613 688 3666 adorsis.
698 3614 759 3666 Non
774 3612 810 3665 de
822 3634 912 3665 ecocoe-
956 3624 1060 3685 gutture
1067 3624 1182 3677 careant,
1190 3615 1231 3665 οὐκ
1238 3614 1340 3680 iporeae
1351 3614 1462 3683 βρόγχον.

406 3703 431 3742 to
453 3691 532 3743 Liun.
557 3692 604 3763 qui
622 3692 733 3763 piscium
763 3693 908 3745 volatilium
956 3686 1057 3743 Verum
1070 3691 1394 3763 aequiormultosuspicio
1410 3703 1461 3753 est,

405 3783 458 3833 est,
473 3771 569 3823 Noster
580 3771 645 3841 agit,
660 3769 722 3836 sed,
740 3784 771 3823 ut
790 3791 861 3837 reor,
875 3770 909 3823 de
953 3768 1089 3840 scripsisse
1105 3771 1280 3836 Clearcbum,
1304 3774 1345 3824 cha
1361 3774 1462 3839 ἔχοντας

405 3849 563 3921 quibusdum
576 3850 712 3920 speciebus
726 3868 741 3901 e
755 3852 869 3903 bienniis
884 3862 910 3903 st
953 3851 1069 3921 βράγχια.
1083 3850 1190 3903 Etenim
1212 3868 1267 3903 nou
1283 3850 1380 3904 babere
1393 3852 1464 3921 βρόγ-

404 3930 505 3999 gobiis3
532 3930 561 3981 bi
597 3930 669 3982 euim
697 3930 816 4001 pisciculi
841 3948 910 4001 saepe
953 3950 996 3997 χον
1019 3948 1066 3981 seu
1092 3942 1198 4000 guttur,
1228 3930 1351 3981 universo
1377 3948 1463 4000 prope

404 4010 498 4080 sapius
512 4010 539 4060 iu
550 4009 662 4079 rupibus
676 4022 824 4071 morantur,
840 4022 911 4080 post·
956 4008 1066 4079 piscium
1075 4010 1164 4079 generi
1171 4027 1311 4062 commuue
1319 4022 1370 4062 est:
1380 4009 1463 4062 bran·

403 4108 482 4158 qnam
496 4091 601 4141 recessit
614 4108 704 4154 mare;
719 4101 746 4142 et
762 4107 912 4160 quanquam
956 4088 1021 4141 chiis
1035 4106 1135 4153 carere,
1149 4108 1179 4140 ac
1200 4107 1294 4140 sonurn
1308 4088 1393 4141 nibilo
1405 4088 1460 4140 mi·

403 4170 468 4222 absit
477 4169 562 4222 omnis
572 4169 692 4240 aqua,ibi
703 4183 789 4222 tamen
797 4170 913 4241 aliquan·
956 4187 1005 4221 uus
1016 4166 1108 4233 odere,
1126 4168 1205 4239 plane
1223 4168 1356 4239 singulare
1367 4186 1376 4234 ς
1390 4186 1463 4221 nam·
