3200 5159
568 491 723 562 LIBER
753 493 796 562 X.
1114 535 1116 539 ·
1145 491 1216 592 339

151 613 322 724 pavones⁴,
339 631 492 712 ammes,
508 625 757 720 chenalopeces.
774 628 859 696 Sunt
876 609 1007 693 autem⁵
1027 625 1166 712 sterilia,
1184 645 1218 698 et
1334 688 1352 710 ,

150 737 295 821 minore,
317 757 356 802 ao
369 733 478 801 minus
490 732 630 827 jucundi
651 733 794 826 saporis,
812 746 846 801 et
859 732 964 826 magis
977 731 1124 802 humide.
1139 736 1219 825 Qui·

151 841 227 912 dam
249 855 283 910 et
302 824 420 909 vento⁶
436 853 555 932 putant
573 863 612 907 ea
634 841 785 934 generari
808 865 815 906 :
839 861 906 932 qua
930 837 971 906 de
992 863 1091 907 causa
1118 843 1217 910 etiam

152 945 337 1042 Zephyria⁷
360 944 577 1040 appellantur.
595 949 675 1015 Haec
689 959 800 1014 autem
815 969 893 1012 vere
907 959 1034 1013 tautum
1049 945 1154 1036 fiunt,
1173 950 1219 1016 in·

152 1054 329 1124 cubatione
361 1049 536 1138 derelicta,
570 1075 643 1145 quae
668 1037 745 1121 nlii⁸
768 1049 956 1146 cynosura⁹
991 1050 1111 1122 dixere.
1145 1055 1221 1122 Ova

152 1157 278 1230 aceto¹⁰
296 1171 463 1228 macerata
483 1160 517 1226 in
537 1171 667 1227 tantum
691 1156 920 1245 emolliuntur,
941 1172 979 1225 ut
1001 1183 1063 1252 per
1080 1160 1221 1230 annulos

153 1279 331 1336 transeant.
353 1265 485 1334 Servari
505 1261 572 1332 ea¹¹
592 1266 628 1333 in
645 1262 811 1349 lomento,
834 1277 893 1332 aut
911 1264 1021 1333 hieme
1040 1265 1075 1333 in
1097 1265 1221 1360 paleis,

153 1385 265 1442 ustute
286 1374 321 1440 in
343 1370 546 1450 furfuribus,
580 1369 798 1440 utilissimum.
829 1368 904 1439 Sale
933 1371 1092 1440 exinaniri
1107 1370 1130 1396 ¹²
1157 1397 1224 1443 cre·

155 1477 290 1546 duntur.
402 1561 406 1567 1

207 1584 366 1652 LXXXI.
383 1571 483 1672 (uxr.)
498 1579 681 1654 Volucrum
698 1579 819 1650 animal
838 1583 925 1676 parit
940 1580 1144 1676 vespertilio¹
1155 1598 1222 1654 tan
1243 1613 1255 1647 ι

153 1807 212 1876 pis,
225 1803 338 1869 tumre,
359 1812 540 1867 contremere,
560 1801 670 1872 palpare
753 1813 781 1872 7.·
794 1801 930 1871 Zephyrio.
944 1803 1048 1872 Zspisptu
1061 1815 1088 1856 et
1101 1804 1225 1874 lensium

156 1881 277 1949 (clunes,
295 1881 420 1945 dorsum,
431 1881 550 1945 collum,
562 1891 670 1952 pectus,
712 1879 744 1932 ab
761 1880 880 1952 aliquibus
897 1881 982 1947 ueta,
998 1883 1086 1953 inquit
1102 1882 1225 1937 Philoso-

155 1961 281 2027 esudam,
301 1974 327 2015 et
351 1960 469 2014 fortassis
484 1960 625 2030 pollicem,
641 1959 669 2012 id
711 1961 797 2030 plius,
809 1961 869 2012 loco
880 1960 1058 2032 cirst0,i1uod
1068 1980 1150 2015 verno
1160 1974 1226 2016 tern-

156 2040 231 2115 quod
238 2042 311 2094 velut
317 2040 432 2094 ineuntis
438 2039 518 2092 maris
527 2039 669 2110 imaginem
711 2057 777 2110 pore
790 2058 850 2094 aves
862 2041 984 2110 excipere
998 2058 1075 2094 auras
1088 2034 1187 2107 solent,
1198 2057 1225 2096 et

156 2117 259 2184 affert).
278 2121 362 2174 initus
375 2119 532 2173 feminarum
552 2117 623 2172 inter
642 2135 669 2170 se
711 2121 748 2171 sio
762 2131 842 2172 vento
856 2120 1006 2191 concipere.
1015 2119 1099 2186 Quod
1113 2120 1225 2175 menda-

155 2201 304 2255 libidinosu
324 2198 533 2271 imaginstionis,
552 2197 670 2269 pulveris
712 2199 783 2260 cium
794 2199 879 2252 solida
894 2198 947 2251 lide
963 2199 1090 2253 tilbertus
1098 2200 1225 2268 eredidit,

157 2281 259 2334 ordinm
267 2279 430 2333 mentionem
439 2278 667 2332 facitAristoteles.
712 2277 746 2331 de
765 2277 884 2332 Animal.
902 2279 950 2332 lib.
962 2279 1017 2341 vl,
1040 2297 1097 2351 cap.
1116 2278 1149 2345 3,
1164 2299 1225 2353 pag.

157 2360 270 2423 Plinius,
282 2379 333 2430 pro
340 2359 453 2429 ψηλαφὴ,
463 2355 568 2411 videtur
577 2357 670 2427 legisse
715 2370 786 2426 191,
806 2369 833 2411 et
846 2357 879 2411 de
898 2358 1029 2411 Lusitanis
1044 2358 1162 2430 equolam
1180 2361 1227 2414 alii

157 2439 219 2510 ispi.
235 2439 282 2492 Est
291 2451 380 2492 autem
399 2439 447 2508 ἁφὴ
459 2437 561 2509 pulvis,
575 2448 601 2490 et
614 2455 669 2490 non
712 2437 768 2490 ausi
782 2450 844 2491 sunt
863 2436 985 2508 prodere.
995 2437 1086 2494 lirun.
1183 2495 1186 2502 ,

156 2519 265 2590 quiris,
282 2517 329 2572 sed
345 2518 392 2589 qui
412 2517 586 2570 luctatoribus
610 2529 670 2588 post
753 2519 779 2570 8.
795 2519 859 2587 Quoe
874 2515 1225 2590 aiii.Reg.r‚Colh.1,s,

158 2598 313 2652 unctionem
326 2597 494 2667 inspergitur.
516 2597 616 2649 Druso.
630 2627 670 2638 -
715 2615 762 2668 quo
772 2597 824 2650 uisi.
838 2596 930 2648 ilino.

158 2679 214 2732 Aut
222 2678 328 2749 pulvere.
341 2679 383 2730 lta
394 2675 470 2730 Mss.
483 2695 584 2730 omnes.
605 2675 669 2728 Pul·
753 2696 779 2745 9.
797 2675 930 2748 Cynosura.
941 2675 1050 2747 Egimos
1059 2680 1091 2730 de
1101 2695 1131 2731 es
1146 2695 1223 2745 voce,

158 2758 228 2812 veris
253 2755 324 2829 apud
349 2755 541 2827 Philosophum
569 2755 670 2808 mentio
713 2771 772 2827 cap.
787 2773 845 2827 sup.
859 2755 952 2808 ilsnn.

157 2837 240 2890 nulla.
247 2837 376 2890 Genetaei
389 2854 440 2890 urs
449 2833 602 2908 hujusmodi
610 2853 671 2906 pro·
756 2851 800 2888 ro.
813 2835 869 2888 Oua
881 2848 957 2889 aceto.
975 2835 1164 2906 Experimento
1174 2837 1225 2890 sci·

159 2915 241 2978 didit,
262 2917 285 2969 si
297 2916 411 2969 suaviter
424 2928 450 2968 et
471 2915 617 2969 titillatorie
630 2927 669 2968 at·
711 2931 770 2966 mus
780 2913 810 2967 id
825 2917 1033 2988 comprobatum.
1055 2915 1145 2971 Hsnn.

159 3005 324 3049 trectentur:
342 2995 454 3049 similem
475 2994 670 3058 titillationem,
756 3011 799 3047 rr.
814 2993 912 3048 Semari
919 2995 1055 3061 euvarro,
1064 2994 1099 3048 de
1112 2998 1150 3048 lie
1159 3009 1224 3050 rust.

160 3093 219 3147 quse
228 3075 513 3128 merisineuntisul'iert
520 3075 670 3144 imaginem,
712 3073 758 3126 lib.
773 3074 831 3136 111,
848 3092 905 3146 cap.
920 3094 955 3143 9,
976 3093 1035 3145 pag.
1060 3082 1130 3142 1⁰⁴3
1143 3076 1225 3130 Colu-

159 3155 322 3208 volutatione
333 3155 362 3207 in
375 3155 483 3225 pulvere
496 3154 593 3212 creari,
618 3153 671 3204 Pli·
713 3153 790 3206 mella
798 3191 806 3215 ,
819 3153 959 3220 lilavlll,
970 3171 1028 3224 cap.
1041 3157 1069 3218 6,
1078 3174 1105 3226 p.
1117 3152 1223 3224 apuli.

161 3234 222 3288 nius
234 3234 350 3287 fortassis
363 3235 420 3305 ipse
433 3232 628 3287 animadvertit.
635 3232 668 3284 ll.
757 3249 801 3286 ts.
822 3232 881 3286 Sale
905 3237 1031 3287 exinaniri.
1058 3235 1223 3299 Columella,

203 3314 402 3383 Migonion..
410 3314 606 3385 presummat.
617 3313 635 3366 l.
646 3329 671 3364 o.
713 3313 774 3365 loco
793 3313 895 3366 citato:
912 3314 981 3366 «Alii
1000 3314 1097 3367 salibus
1116 3315 1226 3386 integris

161 3391 195 3446 Id
210 3411 316 3465 quoqne
327 3394 355 3444 in
368 3395 479 3464 psittaco
488 3406 626 3464 expertum
645 3409 673 3444 se
714 3391 939 3462 sdoperiunt:slii
948 3394 1034 3447 muria
1043 3395 1170 3466 tepefacta
1179 3393 1228 3446 du-

162 3473 254 3526 seribit
269 3473 403 3538 Ηωοηε,
416 3473 525 3526 exercit.
538 3479 572 3538 4,
584 3489 611 3543 p.
628 3471 673 3526 ι3.
714 3484 774 3526 rant
782 3489 789 3525 :
797 3472 844 3525 sed
854 3475 941 3526 omnis
951 3473 988 3525 sal
1000 3471 1226 3544 quemadmodum

163 3552 363 3605 Devulturibns
376 3571 483 3625 qnoque
496 3553 625 3613 Basilius,
644 3551 673 3604 in
715 3571 769 3604 non
788 3551 888 3624 patitur
900 3565 1068 3623 putrescere,
1083 3553 1119 3604 ita
1131 3552 1228 3605 minuit
1257 3577 1260 3584 ·

162 3631 288 3685 Hexaem.
300 3632 393 3686 homil.
409 3635 440 3698 8,
454 3651 513 3704 pag.
534 3635 595 3685 ιοδ.
615 3631 673 3684 Ma·
716 3649 781 3696 ova,
803 3649 854 3684 nec
869 3631 931 3686 sinit
955 3633 1035 3704 plena
1056 3649 1228 3701 permanere,

160 3711 214 3782 jori
227 3712 306 3764 etism
320 3712 448 3765 miraculo
457 3713 514 3765 ovis
526 3711 674 3766 illievultu·
717 3723 764 3764 etc.
779 3735 790 3758 ι
806 3712 896 3764 ilino.

161 3807 223 3844 rum
238 3789 366 3844 fecundis.
388 3793 478 3846 Hanc.
757 3791 881 3844 Lxxxl.
895 3809 920 3845 r.
935 3786 963 3837 V
958 3793 1086 3862 espertilio.
1097 3789 1229 3860 Νυκτιρὶς,

205 3869 231 3924 5.
254 3870 318 3924 Sum
331 3884 418 3926 autem
433 3869 602 3936 Aristoteles,
616 3870 675 3923 loco
718 3871 1126 3924 chauvesourisAEe—-Volucrum
1139 3869 1233 3921 mmo!
1256 3865 1260 3871 ’

163 3949 252 4004 citato.
267 3949 358 4005 Hastis.
716 3954 785 4020 parit
798 3952 935 4022 vespertilio
949 3963 1049 4004 territum.
1072 3950 1231 4021 Vivipnrum

204 4031 229 4082 6.
242 4031 348 4100 Quidum
362 4043 386 4084 et
397 4043 479 4084 muto.
492 4029 574 4085 Arist.
583 4027 675 4082 iisdem
720 4027 829 4101 quidem
836 4031 932 4083 animal
940 4029 1102 4102 vespertilio;
1111 4027 1156 4082 sed
1166 4047 1230 4082 neu·

164 4109 262 4164 verbis.
273 4112 362 4164 Hsnn.
722 4110 823 4178 tiquam
836 4112 935 4163 mirum
950 4129 957 4163 :
973 4129 1060 4180 neque
1075 4109 1146 4162 euim
1156 4108 1234 4164 volu·

1005 4215 1076 4286 22²
