3200 5159
361 485 435 583 392
632 491 670 559 c,
699 491 867 570 ammi
893 493 1000 564 1111.
1030 493 1160 561 msr.

359 620 492 692 Gerulae
509 620 672 692 secundos
691 622 790 692 ssatus
809 639 954 718 captant.
977 626 1010 694 Si
1033 621 1231 694 cooriatur¹⁹
1256 624 1427 719 procella,

359 728 559 823 apprehensi
577 727 785 823 pondusculo
798 729 900 824 lapilli
912 755 946 800 se
962 729 1090 799 librant.
1107 729 1252 818 Quidam
1264 732 1299 798 in
1313 731 1427 800 humo

360 858 512 904 roseum
533 836 661 930 imponi
684 836 829 906 tradunt.
864 841 962 906 Juxta
994 861 1073 906 vero
1100 850 1220 905 terram
1251 835 1366 922 volant
1393 840 1429 906 in

360 940 500 1011 adverso
520 941 602 1010 flatu
623 942 779 1035 vepribus
800 941 971 1012 evitatis²⁰.
992 944 1080 1011 Mira
1097 943 1284 1012 observatio
1304 945 1426 1037 operis.

361 1048 570 1117 Cessantium
580 1046 603 1071 ²¹
624 1049 775 1117 inertiam
789 1062 923 1136 notant,
939 1049 1102 1142 castigant
1116 1073 1213 1134 mox,
1233 1063 1266 1116 et
1284 1051 1428 1144 puniunt

361 1168 479 1222 morte.
492 1155 582 1221 Mira
595 1152 764 1223 munditia.
780 1153 992 1224 Amoliuntur
1004 1152 1028 1178 ²¹
1043 1156 1154 1222 omnia
1170 1180 1189 1223 e
1208 1154 1336 1242 medio,
1354 1154 1427 1224 nul-

363 1257 467 1352 laeque
487 1261 574 1330 inter
590 1284 691 1354 opera
706 1262 870 1355 spurcitiae
881 1262 1002 1354 jacent.
1022 1262 1114 1349 Quin
1133 1275 1166 1329 et
1187 1276 1395 1330 excrementa
1402 1247 1427 1285 ²³

363 1367 571 1461 operantium
593 1367 699 1445 intus,
722 1391 764 1435 ne
790 1365 921 1462 longius
941 1366 1117 1453 recedant,
1141 1390 1244 1434 unum
1271 1381 1428 1461 congesta

277 1498 291 1566 ἐ
330 1472 398 1541 tiu
420 1471 549 1560 locum,
573 1472 712 1541 turbidis
731 1471 848 1542 diebus
867 1487 901 1541 et
922 1474 1030 1567 operis
1049 1474 1118 1541 otio
1138 1487 1286 1566 egerunt.
1312 1474 1428 1561 Quum

363 1565 649 1673 advesperascit²⁴,
660 1579 695 1645 in
709 1576 804 1648 alveo
824 1592 975 1674 strepunt
989 1580 1098 1647 minus
1115 1603 1154 1646 ac
1175 1580 1302 1666 minus,
1321 1579 1428 1649 donec

364 1709 432 1754 una
443 1683 660 1753 circumvolet
669 1683 786 1754 eodem
802 1737 811 1770 ,
825 1711 893 1780 qno
911 1686 1086 1772 excitavit,
1103 1685 1243 1771 bombo,
1265 1710 1326 1754 ceu
1337 1687 1429 1779 quie·

364 1804 432 1858 tem
450 1815 570 1886 capere
585 1795 751 1885 imperans
770 1817 778 1859 :
802 1806 835 1860 et
854 1792 918 1861 hoc
936 1805 1121 1860 castrorum
1140 1816 1244 1860 more.
1262 1793 1357 1861 Tunc
1373 1817 1429 1861 re-

362 1909 464 1990 pente
487 1881 602 1966 oniues
628 1899 863 1966 conticescunt.
880 1888 968 1990 (xi.)
983 1900 1111 1967 Domos
1128 1899 1271 1992 primum
1288 1896 1394 1992 plebei
1403 1883 1428 1921 ²⁵
1507 1905 1510 1910 '

364 1988 620 2091 exaedificaut²⁶,
636 2003 755 2072 deinde
768 2003 900 2097 regibus
909 2001 942 2071 ²⁷.
958 2004 993 2074 Si
1011 1990 1192 2098 speratur²⁸
1212 2003 1334 2099 largior
1352 2028 1429 2098 pro-

361 2186 411 2240 lib.
424 2186 476 2245 tx,
488 2202 547 2255 cap.
558 2184 604 2250 15,
613 2203 629 2238 a
637 2186 783 2256 posteriore
796 2197 873 2256 parte
917 2205 945 2256 p.
957 2186 1076 2250 nster
1085 2185 1185 2240 AElian.
1194 2186 1210 2239 Ι.
1222 2185 1429 2258 o.Virg.Georg.

363 2265 482 2320 alvearis.
497 2265 589 2317 Hann.
917 2265 965 2317 lib.
981 2267 1032 2332 IV,
1046 2286 1071 2318 v.
1085 2267 1150 2320 186.
1164 2265 1286 2336 «Vesper
1296 2266 1342 2318 ubi
1356 2283 1430 2336 epa·

407 2363 452 2415 ¹9·
471 2343 501 2396 Si
509 2348 638 2398 coortam.
652 2343 732 2398 Arist.
743 2361 773 2414 p.
789 2364 872 2415 ¹¹²9·
918 2356 962 2397 stu
982 2343 1091 2398 taudem
1111 2343 1238 2398 decedere
1258 2345 1357 2415 campis
1375 2345 1429 2398 td-

364 2425 460 2496 virgil.
482 2423 581 2495 Georg.
600 2425 647 2476 lib.
674 2425 872 2494 IV,ve.194:
918 2424 1363 2495 monuitrmmteotapemuttum
1374 2443 1433 2478 cor·

366 2525 377 2546 ·
387 2516 414 2557 et
426 2522 495 2574 sape
500 2503 617 2574 lapillos,
628 2504 668 2556 Ut
680 2504 784 2574 cymbae
794 2504 874 2557 iusta·
918 2521 984 2573 pora
994 2516 1089 2557 curant
1102 2523 1109 2564 ,³
1121 2504 1162 2557 Fit
1173 2505 1287 2568 sonitus,
1301 2517 1431 2558 mussant·

363 2583 430 2636 bilee
439 2582 522 2636 fluctu
531 2585 646 2653 jactante
655 2584 873 2648 saburram,Tol·
918 2601 971 2654 que
989 2601 1049 2636 oras
1068 2597 1095 2636 et
1117 2583 1209 2636 limina
1223 2584 1335 2636 circum.
1353 2583 1430 2648 Post,

363 2665 447 2717 lunt:
469 2664 511 2717 hie
530 2681 586 2716 sese
605 2682 654 2734 per
674 2663 765 2716 inania
782 2663 874 2716 nubila
918 2661 965 2714 ubi
986 2666 1041 2733 J'am
1060 2663 1183 2716 thalamis
1200 2681 1228 2716 se
1244 2680 1431 2733 composuere,

364 2742 472 2796 librant.
484 2768 495 2790 ι
507 2743 598 2795 flauo.
919 2741 1012 2795 siletur
1025 2743 1057 2794 Iu
1071 2755 1176 2795 noctem
1184 2781 1193 2808 ,
1201 2743 1335 2812 femusque
1351 2759 1432 2813 sopor

407 2841 451 2876 ao.
473 2821 590 2892 Veprt'bus
613 2825 715 2874 evitaret.
740 2822 875 2887 Quoniam
919 2839 984 2874 suus
999 2834 1113 2892 occupat
1126 2835 1205 2875 artus.
1223 2847 1235 2869 ι
1253 2821 1343 2874 Iliun.

364 2904 398 2956 ab
419 2901 452 2954 iis
468 2920 536 2972 agre
555 2918 611 2953 aeae
628 2899 774 2953 admodum
788 2901 874 2971 expli·
963 2899 1108 2955 atrata.
1117 2903 1214 2958 Vetere
1229 2900 1429 2972 scriptura‚pro

364 2995 441 3046 caut,
455 2993 487 3033 ut
498 2993 525 3034 et
537 2979 572 3032 ab
584 2979 675 3033 ovium
686 2980 768 3033 lauis:
779 2998 875 3051 quem·
915 2979 990 3050 plebi.
1004 2980 1093 3032 Iliun.

363 3059 510 3114 admodum
527 3057 632 3111 dicetur
644 3077 702 3129 cap.
725 3077 771 3128 ¹9·
786 3059 821 3110 Η.
837 3089 876 3105 -·
960 3063 1005 3111 26.
1020 3057 1192 3128 Eeoedficeut.
1210 3059 1280 3130 Apes
1292 3059 1432 3124 nimirum,

368 3136 874 3210 Vepn'busevitatis.1ueditis‚lrebetato.
919 3155 974 3190 uon
993 3139 1048 3190 fuci
1062 3157 1069 3190 :
1083 3137 1159 3210 quod
1176 3137 1349 3192 iudicandum
1367 3137 1433 3204 tuit,

365 3216 747 3273 lnttss.evaoaets.1nParta
767 3219 876 3282 cauato,
921 3234 956 3267 ne
968 3235 1047 3287 quem
1064 3218 1133 3271 forte
1149 3218 1178 3270 iu
1198 3217 1319 3271 fraudem
1333 3217 1430 3286 impel-

364 3295 439 3370 quod
449 3295 664 3367 anteponendum
676 3295 876 3350 ceusuimuuil.
920 3293 987 3347 leret
1002 3297 1097 3350 lemma
1109 3298 1175 3351 olim
1188 3298 1268 3369 capiti
1280 3296 1433 3368 praefixum,
1467 3313 1468 3318 ¹

408 3397 453 3431 11.
469 3377 625 3430 cessantium.
649 3376 727 3429 Cous.
747 3376 826 3430 Arist.
846 3395 876 3447 p.
920 3366 1116 3447 desucis,quod
1127 3378 1161 3430 ab
1174 3378 1224 3431 hae
1239 3377 1365 3430 sententia
1376 3375 1432 3427 Pli-

369 3457 453 3512 1133.
467 3456 560 3510 Haan.
921 3454 960 3506 nii
980 3454 1093 3509 editores
1116 3456 1265 3510 inconsulte
1284 3453 1431 3508 admodum

407 3555 453 3590 aa.
469 3536 634 3589 Amoliautur.
657 3535 791 3588 Ariatotel.
817 3553 875 3606 pag.
921 3530 1019 3586 ducere
1030 3535 1431 3590 huoteuueinitiumvolueruut.

370 3617 552 3670 iramflnn.
920 3611 1012 3665 ilino.

407 3695 453 3749 23.
470 3696 538 3765 Quin
556 3704 581 3744 et
595 3704 750 3746 nemea.
766 3691 874 3746 Ariston
963 3694 1122 3764 27Jtugtbu.
1132 3692 1433 3765 Regee.Meliusdioeret

364 3793 424 3846 pag.
441 3773 533 3839 11323
548 3772 683 3836 AElianus,
702 3771 770 3825 Hist.
783 3772 874 3825 Anim.
920 3771 1041 3843 reginam
1053 3792 1114 3827 uam
1131 3775 1307 3828 seminarunt
1320 3779 1432 3845 quarum

364 3855 457 3919 linv,
477 3873 501 3908 c.
519 3871 566 3918 1¹3
583 3853 722 3917 Albertus,
740 3851 775 3904 de
785 3852 874 3904 Auium
920 3852 1001 3904 larvas
1017 3853 1044 3905 iu
1061 3853 1162 3906 cellulis
1172 3854 1291 3907 enutrita
1301 3854 1386 3906 l‘orma
1402 3872 1433 3906 ac

363 3935 411 3987 lib.
429 3935 513 3998 VIII,
535 3943 612 3986 tract.
627 3939 658 4002 d,
679 3949 737 4003 cap.
756 3940 794 4000 4,
815 3951 875 4004 pag.
920 3931 1104 4002 magnitudine
1116 3934 1432 4004 uouvulguri,etgenita·

368 4015 538 4084 1711111».
920 4011 954 4065 tia
971 4012 1101 4082 explicuit
1129 4013 1204 4066 cibua
1222 4012 1359 4066 delicatior
1375 4013 1432 4064 lau-

408 4099 453 4159 14.
471 4093 552 4164 Quum
567 4091 749 4164 advesperascit.
763 4091 873 4144 Aristot.
920 4091 1034 4161 tiorque.
1051 4092 1099 4145 His
1115 4092 1235 4147 officium
1251 4091 1430 4162 geunaredin·
