3200 5159
575 497 733 567 sinna
760 499 832 565 rx.
1174 497 1235 593 -95

160 626 273 711 culae,
293 627 336 697 ad
358 627 501 697 formam
525 615 816 722 septemtrionis⁸,
835 652 936 697 aureo
957 626 1067 698 colore
1089 628 1238 723 fulgent,

160 734 340 803 dumtaxat
351 734 550 818 viventibus,
561 737 748 830 pariterque
761 760 838 805 cum
849 736 958 803 anima
970 737 1235 830 exstinguuntur.

161 841 300 909 Invenit
317 842 351 907 in
370 840 436 909 hoc
453 839 588 909 animali
606 840 807 910 documenta
826 843 958 911 saevitiae
971 840 1116 910 Vedius⁹
1130 842 1236 912 Pollio
1255 868 1269 901 ²
1369 854 1380 867 '

164 970 269 1039 eques
292 970 449 1015 romanus
478 970 518 1014 ex
546 949 659 1016 amicis
684 948 762 1015 Divi
785 950 944 1042 Augusti,
967 948 1099 1016 vivariis
1120 972 1235 1018 earum

165 1053 366 1145 immergens
382 1051 538 1120 damnata
555 1053 735 1148 mancipia,
752 1078 821 1122 non
835 1068 1002 1147 tamquam
1019 1054 1060 1121 ad
1077 1054 1141 1121 hoc
1159 1054 1236 1124 feris

167 1171 331 1227 terrarum
364 1181 433 1227 non
463 1158 720 1245 sufficientibus,
747 1158 806 1227 sed
840 1159 915 1253 quia
947 1160 981 1226 in
1015 1157 1079 1227 alio
1116 1184 1236 1255 genere

168 1278 276 1333 totum
296 1266 419 1358 puriter
438 1263 609 1335 hominem
636 1265 799 1348 distrahi,
819 1266 961 1359 spectari
994 1289 1062 1335 non
1093 1282 1233 1359 poterat.

145 1374 150 1381 “
167 1370 295 1438 Ferunt
311 1372 395 1439 aceti
413 1383 511 1465 gustu
529 1371 696 1465 praecipue
713 1394 768 1439 eas
786 1373 819 1440 in
839 1372 963 1439 rabiem
973 1368 998 1393 ¹⁰
1012 1372 1076 1465 agi.
1093 1375 1235 1441 Tenuis-

167 1476 289 1545 simum
299 1476 352 1545 his
366 1489 479 1572 tergus
488 1474 528 1545 ¹¹:
545 1492 678 1557 contra,
694 1475 846 1572 anguillis
861 1478 1000 1545 crassius
1016 1504 1023 1544 :
1041 1502 1145 1571 eoque
1160 1502 1235 1546 ver-

167 1580 277 1651 heran
285 1581 399 1652 soiitos
408 1582 655 1658 traditVerrius
661 1580 919 1677 pretextatus¹²2
932 1598 965 1653 et
973 1582 1018 1653 ob
1028 1582 1061 1652 id
1076 1583 1233 1657 mulctam

168 1686 222 1757 his
235 1674 334 1757 dici¹³
353 1712 421 1755 non
437 1689 631 1757 institutam.
897 1704 900 1712 ⁴

164 1886 282 1959 quadam
293 1888 428 1958 Ιαωμιῑνω,
440 1901 486 1941 eut
498 1890 679 1955 confusn,ant
722 1888 755 1943 tis
772 1888 859 1943 cnssr
872 1910 879 1941 1
891 1902 918 1943 et
933 1889 1008 1943 illum
1022 1888 1132 1961 quidem
1148 1890 1236 1955 mitti,

167 1968 239 2021 male
252 1968 389 2022 intellecta
402 1987 464 2024 eum
478 1968 569 2026 loson
588 1982 678 2023 ortum
722 1970 872 2039 crystallina
886 1982 972 2022 autern
991 1969 1078 2021 omnia
1099 1988 1187 2022 coram
1207 1990 1235 2023 se

165 2064 234 2100 esse.
249 2046 371 2100 Curras.
722 2049 808 2121 frangi
815 2049 902 2119 jussit,
910 2048 1234 2120 compleriquepiscinam.

207 2129 235 2181 8.
247 2124 435 2196 septemtrionis.
448 2124 528 2181 Sidus
540 2126 678 2199 inteiligit,
722 2126 783 2181 Fuit
794 2128 934 2183 Caesarisic
947 2127 1110 2197 castigandus
1119 2130 1235 2194 amicus,

164 2204 264 2276 quoda
275 2206 375 2277 figura,
391 2206 452 2277 quia
463 2204 548 2260 simile
559 2206 677 2277 plaustro
721 2218 772 2261 etc.
786 2234 797 2255 ι
818 2206 888 2261 Vide
903 2206 1041 2271 eumdem,
1057 2204 1091 2258 de
1101 2206 1233 2264 crement.

167 2283 284 2351 videtur,
294 2286 395 2356 antiqui
403 2287 559 2339 Graecorum
568 2287 676 2357 ἅμαξαν,
721 2286 769 2340 lib.
781 2287 810 2350 1,
823 2306 846 2339 c.
865 2287 911 2351 18,
923 2305 952 2357 p.
967 2290 1031 2339 616.
1042 2287 1132 2339 Haan.

167 2362 196 2416 id
208 2379 262 2429 est,
271 2366 420 2436 plemma,
433 2364 579 2419 dixerunt:
593 2364 678 2419 nostri
763 2384 805 2421 1ο.
823 2366 852 2418 In
870 2367 966 2419 rabiem.
987 2366 1168 2421 Muranarum
1188 2384 1233 2437 ge·

167 2462 183 2495 a
195 2444 281 2497 bobus
299 2446 399 2517 junctis
417 2444 618 2515 septemtriones
629 2463 678 2515 ep·
720 2443 779 2499 neri
803 2444 935 2509 accidere,
958 2458 987 2499 ut
1005 2446 1077 2497 rabie
1097 2459 1233 2511 venentur,

166 2523 321 2593 peliarunt:
338 2525 374 2577 sit
389 2524 461 2579 enirn
474 2525 562 2577 Varro
577 2524 678 2578 triones
721 2524 914 2596 saevissimeque
948 2536 1005 2577 tum
1040 2540 1233 2599 persequantur

165 2604 327 2656 rusticorum
359 2604 490 2658 vocabulo
522 2605 603 2658 boves
633 2622 680 2657 vo-
721 2622 875 2675 squamosos
912 2604 1012 2675 pisces,
1052 2604 1233 2677 plurimosque

168 2684 231 2737 cari.
245 2684 336 2737 Hsan.
721 2682 874 2737 mandendo
894 2697 1067 2743 consumant,
1086 2697 1233 2738 auctorest

208 2782 235 2831 9.
254 2761 344 2815 Vedio
357 2762 446 2817 Pollio.
458 2762 499 2816 De
510 2780 543 2815 eo
558 2762 678 2817 referunt
721 2762 828 2817 Colum.
840 2763 886 2815 tib.
904 2764 1028 2828 vl11,c.
1044 2783 1087 2833 ¹7·
1102 2760 1191 2815 Hsan.

166 2840 257 2895 eadem
272 2841 341 2906 Dio,
360 2842 407 2894 lib.
426 2842 499 2906 HV,
518 2830 577 2913 png'.
602 2840 677 2909 5365
764 2862 810 2897 11-
833 2844 935 2913 Tergus.
958 2842 1016 2895 Hoc
1033 2855 1085 2909 est,
1101 2855 1131 2894 ut
1152 2860 1233 2914 supra

166 2922 292 2987 Tacitus,
308 2922 403 2978 Annal.
423 2921 470 2978 lib.
490 2922 521 2984 1,
540 2939 601 2995 pag.
626 2939 676 2989 ¹⁰3
720 2918 823 2975 dictum
833 2922 998 2985 est,coriunr:
1010 2940 1168 2995 quamquain
1178 2942 1231 2975 non

166 2998 388 3055 Tenutt.lib.de
403 3000 677 3067 Pallio,subfinem,
721 3014 808 3071 tergus
832 3021 846 3055 a
869 2998 981 3073 tegendo
1002 2998 1118 3061 dictum,
1143 3014 1174 3055 ut
1195 3003 1233 3055 ait

166 3100 226 3152 pag.
242 3098 307 3149 ¹19·
320 3080 424 3147 Quibus
434 3081 559 3142 omuibus
570 3099 679 3136 consen·
720 3081 823 3143 Varro,
834 3079 868 3135 de
879 3082 956 3152 Ling.
967 3081 1023 3133 Lat.
1034 3080 1080 3134 tib.
1097 3081 1147 3145 tv,
1161 3080 1232 3135 vide·

167 3162 199 3213 tit
214 3160 326 3225 Seneca,
337 3159 371 3214 de
380 3160 423 3211 Ira
433 3200 441 3225 ,
451 3158 499 3213 uh,
513 3160 570 3224 ΙΙΙ,
585 3178 609 3213 o.
628 3166 677 3225 Ao,
720 3172 817 3232 tueque
830 3180 884 3213 non
902 3160 1052 3231 improbare
1069 3158 1231 3215 Harduinus.

166 3258 227 3311 pag.
245 3240 301 3309 ⁵9⁹
322 3256 329 3293 ε
352 3238 677 3306 sQuemadmodum,in·
720 3240 853 3299 Ceterum
878 3253 997 3311 tergora,
1027 3239 1119 3302 coria;
1142 3251 1229 3312 terga,

168 3318 240 3391 quit,
251 3320 313 3373 fecit
323 3319 409 3371 Divus
422 3319 573 3389 Augustus,
593 3337 676 3389 quum
720 3314 810 3373 dorsa.
826 3320 872 3371 Aa.

168 3412 282 3451 caenam
301 3396 373 3469 apud
387 3398 505 3452 Vedium
518 3398 676 3453 Pollionem.
764 3399 986 3451 impresseram.
995 3398 1233 3451 Praetextatismul·

167 3478 292 3549 Fregerat
299 3497 369 3531 unus
379 3497 411 3530 ex
419 3478 500 3531 servis
509 3479 565 3549 ejus
574 3478 680 3549 crystal·
720 3490 763 3531 cta
777 3496 832 3530 non
850 3491 889 3531 est
903 3476 1034 3539 instituta,
1053 3474 1125 3549 quod
1138 3478 1231 3531 verbe·

168 3557 262 3611 linum.
275 3556 678 3629 RapieumVediusjussit,nee
720 3558 812 3619 ribus,
834 3576 888 3609 non
908 3556 1021 3627 pecunia
1041 3556 1165 3610 facinoris
1186 3556 1230 3610 ad·

168 3636 269 3709 vulgari
288 3634 399 3709 quidem
419 3636 567 3707 periturum
583 3651 677 3694 morte.
721 3637 793 3691 missi
807 3654 898 3710 poenas
911 3636 1028 3696 luerent,
1041 3655 1090 3688 nec
1102 3636 1154 3689 alio
1167 3656 1230 3707 sup-

168 3716 294 3771 Muraenis
303 3716 384 3789 objici
395 3716 547 3787 jubebatur,
561 3735 626 3788 quas
636 3716 685 3772 in·'
719 3714 1231 3787 pliciocastigarentur.Utadolescentes

168 3816 233 3871 gens
248 3796 350 3868 piscina
367 3796 547 3849 continebat...
563 3796 679 3850 Evasite
720 3796 822 3859 ferula,
852 3795 953 3867 flagris,
986 3794 1083 3867 pue-rili
1111 3796 1230 3849 verbere.

169 3876 290 3929 manibus
303 3895 380 3948 puer,
399 3888 424 3930 et
437 3876 558 3947 confugit
573 3874 607 3929 ad
620 3876 679 3929 Coe·
721 3877 800 3929 alex.
809 3874 842 3928 ab
852 3876 924 3929 Alex.
938 3874 985 3927 tib.
994 3874 1031 3937 ΙΙ,
1041 3894 1062 3927 c.
1075 3874 1118 3927 25.
1128 3874 1229 3927 Danao.

169 3958 234 4011 saris
249 3954 331 4028 pedes
344 3972 352 4007 ε
363 3954 431 4009 nihii
445 3953 519 4009 aliud
532 3956 677 4027 petiturus,
764 3963 809 4009 13.
823 3956 942 4009 Maletum
960 3956 997 4006 lu's
1009 3955 1067 4005 dici.
1084 3956 1117 4007 In
1138 3952 1229 4015 editis,

168 4054 250 4107 quam
272 4048 301 4087 nt
319 4034 393 4089 aliter
415 4035 534 4106 periret,
551 4053 601 4090 uec
621 4053 679 4088 esca
722 4033 1011 4100 demmendosenos
1026 4034 1144 4086 dicisum
1157 4052 1189 4087 ex
1204 4053 1232 4085 re

168 4116 253 4169 tieret.
264 4115 353 4168 Motus
364 4127 403 4168 est
409 4114 530 4169 'novitate
542 4112 680 4169 crudeiita·
723 4114 778 4185 ipsa
788 4153 796 4178 ,
808 4128 864 4168 turn
874 4134 906 4168 ex
917 4112 995 4167 codd.
1006 4112 1082 4166 MSS.
1092 4114 1156 4184 Reg.
1168 4130 1192 4178 1,
1206 4132 1233 4178 a,
