3200 5159
351 527 419 610 silo
614 527 655 594 C.
683 526 857 595 PLINII
879 524 987 594 NAT.
1016 527 1149 595 HIST.

346 672 411 745 set,
432 658 623 753 respondit,
635 682 703 728 una
721 684 756 728 se
773 684 868 730 coena
883 661 1007 731 centies
1024 661 1111 728 H-S.
1124 656 1147 683 ¹²
1160 659 1422 754 absumpturam.

309 764 510 860 tCupiehat
532 763 660 835 discere
681 766 1011 851 Antonius‚sedlieri
1029 790 1126 861 posse
1143 790 1212 835 non
1234 753 1436 847 arbitrabu-¹

344 884 409 940 tur.
428 874 520 965 Ergo
539 873 773 967 sponsionibus
792 873 914 958 factis,
937 888 1072 967 postero
1096 870 1150 941 die
1171 896 1238 967 quo
1259 873 1423 966 judicium

345 976 527 1072 agebatur,
553 976 765 1075 magnificam
782 978 863 1049 alias
882 992 1028 1063 coenain',
1049 1002 1091 1048 ne
1115 977 1184 1047 dies
1204 981 1347 1072 periret,
1365 982 1423 1050 sed

345 1083 574 1178 quotidianam
589 1087 735 1155 Antonio
754 1088 929 1182 apposuit,
943 1086 1111 1170 irridenti,
1124 1089 1424 1179 computationem·

343 1214 410 1285 que
431 1190 664 1286 expostulanti.
685 1195 730 1262 At
754 1192 810 1261 illa
833 1178 1078 1263 corollarium¹³
1102 1192 1135 1263 id
1162 1216 1256 1278 esse,
1278 1208 1312 1262 et
1337 1218 1422 1263 con-

344 1311 555 1390 sumpturam
569 1324 643 1367 eam
658 1323 788 1368 ooenam
800 1302 1002 1369 taxationem
1018 1297 1236 1386 confirmans,
1251 1298 1423 1395 solamque

346 1427 382 1472 se
396 1406 519 1473 centies
538 1392 659 1473 H-S.¹⁴
686 1420 914 1495 coenaturam,
933 1406 1048 1475 inferri
1071 1430 1220 1474 mensam
1243 1406 1422 1475 secundam

342 1510 448 1602 jussit.
470 1514 523 1579 Ex
540 1526 709 1606 praecepto
733 1513 875 1582 ministri
900 1537 1003 1583 unum
1023 1526 1154 1582 tantum
1174 1536 1231 1583 vas
1251 1527 1328 1581 ante
1349 1536 1423 1581 eam

344 1642 486 1712 posuere
503 1619 586 1687 aceti
594 1604 630 1706 ¹⁵,
642 1618 737 1713 cujus
754 1604 946 1715 asperitas'⁶
968 1622 1084 1714 visque
1105 1620 1140 1687 in
1160 1619 1272 1688 tabem
1292 1644 1424 1715 marga-

387 1792 432 1827 12.
460 1776 555 1829 Centies
580 1775 649 1829 Hs,
670 1778 712 1830 Eo
735 1789 856 1848 tempore
901 1774 1208 1848 fiat,cxfidecodionm
1217 1776 1281 1847 Reg.
1296 1794 1320 1835 1.
1335 1788 1423 1843 a,etc.

342 1854 403 1926 plne
426 1857 544 1909 sestertio
567 1857 647 1928 pretii
667 1857 769 1919 inerat,
793 1857 857 1929 quia
906 1856 1426 1928 neglectaimpressorumleotioue,quod

341 1953 441 2007 nempe
452 1948 564 2008 argento
576 1937 665 1990 minor
684 1936 786 1991 vilioris
800 1956 857 1991 me·
907 1938 935 1990 id
945 1942 1021 2007 magis
1029 1940 1120 2007 regiain
1129 1947 1192 1995 erat.
1205 1934 1309 1995 Deinde
1319 1940 1423 2003 capricis

342 2014 400 2067 salli
410 2028 590 2085 temperatura
598 2015 803 2088 adjecta,qnam
811 2017 858 2069 im·
907 2038 1021 2090 quoqise,
1040 2016 1162 2080 voculam
1181 2016 1249 2068 hane
1266 2035 1358 2088 quoque
1379 2013 1426 2069 ad·

342 2096 523 2165 pemnteCaio
534 2093 741 2168 ridimnseupra
749 2093 817 2158 (not.
829 2094 858 2160 4)
907 2096 1041 2162 didimus,
1057 2115 1088 2149 ex
1110 2093 1224 2161 iisdem,
1238 2107 1265 2148 et
1279 2095 1370 2149 Chilll.
1386 2098 1422 2149 Η.

342 2174 431 2227 inisse.
442 2175 512 2229 Nam
520 2177 695 2246 pecuniarum
705 2189 857 2229 nostrarum
906 2208 948 2219 -
958 2178 996 2230 Et
1003 2188 1203 2247 consumpturam.
1214 2176 1273 2227 lloc
1287 2187 1341 2239 est,
1354 2188 1425 2229 taxa·

343 2254 389 2306 ille
405 2256 525 2326 aquabat
544 2255 654 2308 cesaris
668 2257 795 2327 temporie
809 2246 858 2322 οἷ’,
907 2269 959 2309 tam
972 2257 1060 2328 prius,
1076 2255 1283 2326 aestimatamque
1305 2256 1424 2326 pecuniae

347 2336 529 2404 2037916,h.
541 2354 564 2388 e.
572 2336 711 2407 plusquam
723 2355 791 2390 noc.
804 2328 856 2397 ald.
906 2355 1057 2401 summam,
1083 2354 1113 2389 ea
1135 2352 1210 2387 caena
1229 2333 1423 2387 absumendam

343 2412 425 2465 Unde
441 2415 538 2470 centies
552 2415 618 2468 tt-s.
635 2412 680 2477 (z
697 2435 857 2481 10,ooo‚ooo
907 2435 969 2471 esse.
984 2414 1076 2470 Hino.
1122 2472 1125 2477 ,

343 2484 424 2560 lI-s.)
441 2507 467 2546 Ξ
478 2495 629 2564 a,037,916
643 2495 678 2547 fr·
692 2497 740 2549 Aa.
951 2496 995 2550 15.
1009 2497 1091 2549 Aeeti.
1106 2493 1139 2547 Id
1150 2495 1278 2549 nimirum
1295 2492 1423 2565 estquod

392 2573 439 2626 13.
473 2574 644 2628 corollarium.
677 2575 856 2630 corollarium
906 2576 1033 2631 scribitur
1045 2578 1073 2629 in
1086 2576 1138 2647 leg.
1152 2574 1223 2637 Seia,
1239 2574 1268 2627 li.
1280 2572 1387 2627 deauro
1396 2586 1425 2627 et

341 2651 416 2722 apnd
423 2652 641 2707 Ciceronemnon
648 2655 775 2718 semeher
782 2654 856 2729 apud
907 2676 961 2729 arg.
972 2656 1048 2710 «Seia
1060 2656 1188 2709 unionem
1197 2674 1260 2707 cum
1268 2653 1423 2725 hyacinthis

341 2732 545 2802 Tranquillum,
565 2754 616 2805 pro
633 2737 792 2796 munusculo
808 2757 855 2790 su·
906 2737 1016 2808 legavit,
1029 2748 1119 2808 postca
1130 2734 1258 2787 unionem
1268 2734 1363 2799 solvit,
1374 2752 1423 2786 nec

341 2813 434 2878 mitur,
446 2813 517 2867 nltra
532 2814 646 2886 legitima
661 2817 770 2885 promia
781 2818 856 2870 exhi·
885 2852 891 2869 .
907 2817 990 2870 ullum
1007 2816 1101 2869 mortis
1115 2827 1237 2885 tempore
1258 2814 1328 2867 inter
1342 2831 1424 2866 orna·

341 2894 413 2959 bito,
426 2904 452 2945 et
459 2892 575 2963 quodam
587 2894 661 2964 quasi
670 2893 855 2951 additamento
906 2909 995 2950 menta
1008 2914 1054 2949 sna
1068 2895 1196 2948 unionem
1209 2892 1336 2963 reliquit:
1350 2912 1424 2965 qure-

340 2972 439 3026 debite
449 2972 587 3026 mercedis.
596 2971 677 3026 Unde
683 2976 855 3031 corollarium
904 2976 985 3029 eitum
1002 2988 1053 3036 est,
1074 2994 1108 3028 an
1122 2976 1207 3027 hares
1221 2972 1424 3025 estimationem

340 3053 385 3105 bio
399 3072 448 3124 pro
466 3070 497 3105 re
516 3055 616 3107 leviore
631 3066 658 3107 et
676 3053 855 3127 appendicula
904 3056 962 3121 rei,
983 3074 1042 3128 quar
1066 3056 1093 3107 in
1113 3052 1269 3107 haereditate
1289 3070 1346 3105 non
1370 3065 1424 3119 est,

341 3143 494 3204 usurpatur.
506 3135 597 3186 llsao.
904 3149 1029 3206 prestare
1042 3132 1156 3188 debeat?
1172 3158 1183 3179 ι
1203 3134 1269 3186 Eam
1281 3133 1335 3184 vim
1352 3133 1423 3185 aceti

363 3214 853 3285 ‹14.Etooosumpturameameoenain
904 3232 960 3268 esse
986 3212 1065 3269 tradit
1091 3213 1248 3279 Vitruvius,
1278 3212 1359 3275 VIII,
1387 3211 1422 3276 33

341 3296 486 3345 taxationem
505 3293 662 3364 confirmans,
687 3294 808 3368 solempne
829 3316 854 3347 se
904 3295 1065 3360 Macrobius,
1075 3294 1182 3349 Saturn.
1193 3293 1289 3364 III‚7.
1301 3290 1377 3345 Idem
1387 3288 1423 3345 de

340 3377 427 3425 centies
446 3372 514 3426 H-S.
537 3388 690 3428 conaturam.
707 3374 751 3427 Sic
776 3375 852 3428 MSS.
905 3377 997 3448 AEsopi
1015 3376 1072 3428 filio
1085 3376 1178 3429 scribit
1194 3370 1285 3426 Valer.
1301 3372 1348 3425 lib.
1362 3372 1421 3432 IX.

341 3468 447 3518 omnes,
462 3454 502 3505 nti
518 3467 579 3506 ante
596 3474 645 3508 nos
658 3454 766 3507 Fulvius
776 3455 854 3507 Ursi·
904 3474 962 3528 oap.
976 3454 1053 3520 13de
1063 3454 1183 3525 Caligula
1192 3452 1343 3505 Suetonius.
1354 3452 1424 3503 Bria·

340 3552 391 3585 nus
411 3532 613 3601 animadvertit,
629 3553 711 3605 quum
725 3535 801 3604 prius
814 3535 853 3587 le·
904 3536 1008 3600 eonius,
1021 3536 1070 3589 lib.
1086 3537 1112 3598 1,
1123 3552 1182 3603 cap.
1201 3550 1243 3587 ro.
1260 3534 1361 3586 Dirae.

340 3625 447 3683 geretur
460 3613 490 3665 in
503 3611 597 3679 editis,
616 3627 853 3688 consumpturamque
947 3618 991 3668 16.
1004 3615 1080 3684 Cujus
1085 3618 1209 3684 asperitas.
1219 3612 1294 3665 Ilanc
1300 3613 1354 3665 vim
1364 3628 1423 3663 ace·

339 3712 365 3743 se
375 3712 404 3743 eo
418 3712 494 3745 eona.
513 3692 577 3745 Mox
595 3695 660 3747 item
672 3693 800 3746 Bndaeum
812 3713 853 3747 so·
904 3706 933 3747 to
946 3696 1089 3748 Vltruvins
1102 3712 1209 3773 quoque
1223 3692 1360 3755 attribuit,
1373 3692 1422 3745 lib.

339 3772 409 3843 euti,
422 3772 468 3823 lib.
486 3774 513 3840 1,
526 3773 574 3826 lol.
590 3792 637 3844 ²7,
653 3785 681 3826 et
694 3772 851 3849 eorumdem
904 3775 990 3840 VIII,
1001 3793 1060 3847 cap.
1070 3774 1085 3827 3
1097 3793 1105 3828 ε
1117 3801 1129 3822 ι
1145 3772 1312 3844 Margarita,
1324 3770 1422 3842 inquit,

340 3852 532 3921 exemplarium
539 3853 853 3926 auctoritatemsolomque
903 3874 952 3909 nec
964 3856 1053 3909 minus
1063 3874 1123 3908 saxa
1135 3853 1243 3917 silicea,
1259 3868 1318 3923 qua
1333 3868 1422 3921 neque

338 3952 364 3983 se
383 3934 482 3996 centies,
499 3933 697 4004 rescripsimus,
717 3933 764 3986 ubi
789 3931 857 3987 editi
900 3935 1015 4001 ferrum,
1033 3951 1122 4006 neque
1142 3932 1210 4003 ignis
1231 3942 1319 4003 potest
1330 3948 1378 4000 per
1395 3948 1424 3981 se

339 4029 498 4083 perperam,
520 4014 642 4083 solamque
658 4017 799 4079 seeoentr'es,
827 4013 855 4067 id
900 4012 1059 4076 dissolvere,
1069 4012 1192 4085 qunmab
1208 4010 1268 4081 igne
1280 4022 1342 4063 sunt
1356 4028 1420 4081 per·

340 4092 482 4162 etiamipsa
494 4094 777 4163 postulanteorationis
785 4106 854 4147 stru·
900 4094 1023 4148 malefacta
1030 4131 1038 4159 ,
1046 4106 1122 4146 aceto
1130 4108 1218 4163 sparsa
1228 4090 1380 4155 dissiliunt,
1393 4100 1420 4143 et

338 4185 421 4227 ctum
436 4174 470 4226 Et
486 4172 574 4239 inira,
589 4174 646 4243 Quo
664 4176 743 4243 magis
758 4176 850 4244 regium
896 4174 1093 4245 persolvuntur.
1113 4196 1123 4219 a
1141 4171 1235 4223 Haan.
