3200 5159
350 519 426 592 380
616 521 656 589 C.
684 521 849 588 PLlNll
877 518 983 588 NAT.
1012 519 1142 588 Hlsr.

348 652 489 724 infector
518 650 573 722 ille
596 675 716 723 succus
739 677 748 720 ι
769 654 817 722 sic
844 666 878 722 et
899 652 1030 722 insectis
1056 651 1203 746 quisquis
1235 666 1285 721 est
1307 650 1415 722 vitalia

348 759 486 844 humor,
503 759 559 829 hic
574 759 636 828 erit
650 773 684 828 et
705 758 850 853 sanguis.
869 760 988 828 Donec
1012 759 1185 828 estimatio
1212 782 1271 827 sua
1296 759 1416 852 cuique

348 866 405 950 eit,
422 864 519 933 nobis
533 867 742 960 propositum
754 878 824 951 est,
841 877 978 934 naturas
990 887 1103 993 ⁵rerum
1123 862 1314 934 manifestas
1329 863 1415 933 indi·

348 993 440 1058 care,
459 995 528 1038 non
549 995 665 1041 causas
683 971 833 1065 judicare
850 955 1011 1040 dubias¹⁵.

315 1109 327 1144 1
400 1079 463 1145 Ill.
485 1066 562 1168 (ιν)
582 1080 733 1164 Inserta,
747 1074 936 1170 utintelligi
950 1077 1072 1170 possit,
1093 1099 1161 1144 non
1174 1076 1415 1146 videnturner·

347 1181 588 1270 vos¹habcre,
603 1207 772 1270 necessa
785 1179 1005 1276 necspmas
1020 1205 1082 1250 nec
1096 1181 1339 1278 cartilaginem,
1354 1207 1417 1254 nec

346 1274 514 1383 pinguia,
536 1313 598 1358 nce
619 1276 771 1419 ctismesss
788 1313 832 1357 ne
855 1301 1002 1357 crustam
1022 1287 1156 1381 quidem
1182 1286 1355 1384 fragilem,
1380 1301 1418 1357 ut

346 1394 496 1488 quaedam
518 1381 663 1464 marina⁵
665 1419 836 1489 ‚necquae
850 1394 926 1487 jure
930 1377 1225 1464 ⁵dicaturcutis
1216 1393 1418 1464 sedmediae

347 1500 545 1594 cujusdam
534 1515 622 1570 mter
640 1502 754 1570 omnia
766 1502 839 1570 haec
862 1514 988 1570 nature
1005 1523 1146 1618 corpus?
1165 1502 1272 1568 arenti
1296 1498 1419 1584 simile,

348 1629 452 1676 nervo
483 1604 665 1691 mollius,
656 1633 691 1676 ιιι
713 1606 848 1700 reliquis
873 1605 1088 1701 partibus⁷
1064 1605 1180 1675 siccius
1204 1630 1300 1694 vere,
1317 1629 1417 1700 quam

391 1886 561 1942 ridendum
572 1889 666 1943 dedier.
674 1889 782 1942 Rectius
792 1889 861 1943 utin
897 1888 986 1942 ¹bmlie
1002 1889 1125 1942 columna
1145 1885 1296 1940 indicatur:
1315 1884 1419 1939 inutili-
1508 1916 1510 1924 ·

348 1968 414 2039 Reg.
434 1987 468 2032 a,
483 1968 567 2022 Paria.
581 1981 636 2022 vet.
655 1969 808 2041 Dalecamp.
827 1972 862 2022 in·
906 1980 947 2021 ter
960 1987 1040 2032 eane,
1052 1985 1137 2038 quum
1150 1967 1225 2039 priua
1245 1964 1343 2020 dixerit
1362 1983 1420 2018 cara

347 2046 550 2116 aegaeum.
905 2047 1005 2102 aberae.
1020 2046 1072 2100 Ar.

386 2127 439 2179 111.
457 2145 482 2180 r.
496 2128 791 2198 Nemnstupcarjnre,
805 2145 860 2180 nan
947 2126 974 2180 3.
985 2127 1156 2198 Neepiaguia.
1170 2126 1227 2182 Nee
1236 2123 1352 2195 adipem,
1362 2118 1419 2176 eall

349 2203 457 2277 quidem
465 2206 553 2259 Plinio
562 2219 608 2260 aut
619 2205 863 2260 animtcuudine·
905 2207 1028 2278 πιμελὴν,
1046 2205 1109 2277 quia
1131 2217 1220 2259 carent
1235 2203 1361 2274 sangnine
1381 2203 1422 2254 ni·

348 2285 574 2338 cantibuauerroa
584 2304 641 2338 ιιοιι
649 2287 736 2350 viane,
747 2286 795 2357 qui
808 2287 863 2356 ple·
906 2285 1017 2344 mirum,
1029 2303 1088 2355 qne
1099 2283 1185 2355 adipis
1192 2284 1300 2337 materia
1308 2294 1355 2336 eet
1363 2283 1422 2334 Ari·

349 2382 464 2435 rumque
485 2365 681 2437 microrcopicae
701 2363 863 2436 magnitudi·
907 2377 967 2418 etot.
981 2363 1079 2418 llirtor.
1090 2363 1181 2418 Arina.
1192 2363 1239 2417 lib.
1251 2364 1302 2428 IV,
1311 2379 1371 2432 cap.
1385 2366 1418 2419 6.

349 2443 391 2497 uia
402 2456 480 2505 runt,
490 2443 538 2497 aed
550 2445 862 2516 pronuntiatumlaiaeaee
904 2463 965 2516 pag.
977 2451 1040 2514 470.
1048 2439 1419 2514 Hann.-Necpinguia.Non

349 2524 437 2576 nullos
447 2541 510 2577 vere
521 2536 632 2594 entare.
644 2525 699 2577 Nor
711 2524 808 2577 ecimus
823 2525 864 2576 in·
905 2525 963 2578 eine
973 2523 1051 2595 adipe
1064 2524 1179 2588 inrecta,
1190 2523 1273 2576 immo
1289 2521 1317 2573 in
1331 2520 1422 2590 priore

348 2604 425 2656 rectia
435 2604 558 2676 quinque.
571 2621 676 2667 warna,
697 2616 728 2655 ut
738 2603 863 2674 perlectis
906 2616 974 2658 ataau
989 2621 1086 2674 nempe
1094 2621 1177 2674 quum
1191 2603 1269 2656 larvae
1281 2612 1355 2656 eunt.
1365 2597 1425 2652 adi·

348 2682 527 2738 animantibus
535 2684 679 2737 convenire
689 2705 698 2746 ;
710 2701 796 2753 neque
810 2683 863 2736 hoc
905 2683 1041 2754 potissima
1051 2681 1245 2754 adspectantur.
1263 2677 1351 2750 Adepa
1372 2677 1422 2731 de·

349 2773 451 2816 veteres
462 2763 571 2835 penitus
580 2763 715 2816 fefellerat.
722 2763 807 2816 Porro
813 2781 864 2816 uu·
907 2763 954 2815 bet
962 2781 1017 2816 eece
1026 2781 1077 2834 pro
1085 2781 1145 2816 ecca
1155 2774 1182 2814 et
1190 2757 1336 2826 eiboedum
1346 2757 1423 2829 clary-

269 2868 272 2874 ,
349 2840 384 2895 de
396 2861 486 2895 aeneus
501 2841 589 2904 utiles,
601 2842 630 2895 ui
642 2842 754 2895 reuaatio
764 2842 864 2912 viguie-
907 2840 1021 2896 ualidum
1032 2842 1131 2896 formae
1142 2841 1249 2896 hahent.
1263 2839 1381 2894 Cuvm.

349 2920 405 2975 aet?
415 2919 489 2978 unde
499 2938 564 2974 vcro
574 2923 686 2974 mutatio
697 2922 795 2992 absque
805 2939 864 2974 ner·
950 2928 978 2986 4.
987 2921 1137 2974 Neecames.
1145 2921 1244 2974 Cernes
1253 2917 1422 2981 habent‚laoc

349 2999 407 3054 ria?
417 2997 507 3052 Hodie
514 2999 863 3072 entomaecephalidiorum
906 3011 958 3064 eat,
969 3000 1118 3064 marculae,
1130 3012 1162 3053 ut
1174 2999 1276 3052 scilicet
1296 3014 1422 3050 movean-

349 3078 538 3134 innumerabili
548 3081 765 3152 geutetquihua‚
781 3091 814 3133 nt
831 3098 863 3133 ex
907 3090 952 3132 tur
965 3095 1045 3148 quem
1065 3078 1099 3132 ad
1119 3077 1231 3132 modum
1250 3078 1351 3146 majora
1364 3077 1423 3130 ani·

352 3158 413 3229 ipro
426 3158 536 3212 nomine
551 3159 698 3231 pampica,
723 3158 866 3230 parvulum
909 3158 1019 3223 mantia,
1036 3156 1110 3230 quod
1131 3170 1160 3212 ut
1174 3169 1292 3221 coartet,
1306 3154 1421 3209 aliaest

350 3236 461 3310 quidem
471 3249 628 3310 eaputsnec
637 3239 864 3292 omuibuanume-
908 3237 1043 3290 thoracem
1056 3236 1171 3292 scarabei
1189 3235 1307 3306 aperire.
1327 3235 1371 3288 rel
1385 3234 1424 3288 lo·

349 3318 386 3372 ria
394 3318 530 3372 absolutae
538 3317 864 3389 enccphaluarencdphali
908 3329 989 3370 curte
1004 3317 1099 3370 lemur.
1111 3317 1145 3370 In
1165 3317 1215 3370 hac
1237 3333 1330 3378 carne,
1354 3315 1423 3367 utin

350 3409 438 3450 tamen
450 3396 621 3451 rudimenta:
638 3416 702 3468 ergo
717 3398 803 3451 uerri.
816 3399 864 3450 Aa.
907 3395 1044 3466 qualibet,
1063 3397 1139 3449 fibro
1157 3396 1261 3466 plurem
1282 3392 1328 3448 red
1349 3393 1424 3446 color

351 3477 515 3531 -Fallitur
531 3477 635 3530 Noeter.
659 3476 734 3530 Nulli
754 3489 862 3530 eutomo
908 3473 1383 3546 candidn‚ututguini.c1nm.

350 3556 511 3628 eueeplaalur
524 3555 612 3620 deest,
627 3555 698 3609 nulli
715 3573 861 3610 nervorum
949 3552 975 3606 ⁵.
999 3553 1034 3606 Ut
1045 3554 1154 3626 quadam
1170 3558 1273 3606 narina.
1293 3553 1331 3605 Ut
1352 3552 1427 3604 locan

350 3648 506 3707 apparatus,
524 3633 593 3687 nulli
613 3634 739 3693 medulla
760 3637 863 3690 Eorum
908 3646 971 3698 ere,
983 3634 1126 3698 eternam,
1140 3632 1174 3687 de
1193 3632 1291 3705 quihus
1306 3632 1352 3684 lib.
1369 3632 1424 3698 IX,

350 3714 467 3770 medulla
481 3713 736 3786 funiculusquidam
752 3727 791 3768 eat
806 3734 865 3768 uer·
908 3731 967 3784 cap.
985 3711 1030 3766 50.
1043 3712 1132 3766 Ηιιιιι.

351 3814 429 3850 voaur
443 3794 555 3865 duplex,
569 3794 616 3866 qui
635 3807 730 3865 praeter
742 3807 862 3848 renuam
949 3797 976 3847 6.
992 3793 1044 3846 Nec
1059 3813 1113 3864 quoe
1132 3795 1193 3860 jure.
1218 3792 1325 3844 Amator.
1341 3792 1427 3860 Δίρμοι
1489 3829 1493 3835 -

350 3872 539 3947 protenditur,
562 3886 589 3926 ct
607 3873 754 3927 identidem
777 3871 864 3927 nodos
907 3868 1073 3942 δ’ῐχοιισι
1046 3893 1106 3943 μιν,
1121 3872 1229 3942 πάμπαν
1250 3865 1279 3924 di
1297 3873 1369 3924 τοῦτο
1383 3875 1426 3922 λι-

350 3955 443 4020 lubet,
461 3952 535 4007 uude
554 3952 738 4008 raminerroei
758 3953 864 4007 efflore·
909 3955 981 4006 mlv.
1002 3951 1126 4006 «Cutem
1148 3947 1273 4022 quidem,
1296 3949 1342 4004 aed
1359 3966 1427 4020 pra-

350 4046 439 4088 eeunt.
452 4035 571 4088 Cuma.
717 4094 720 4101 ‚
908 4045 1015 4085 tenuem
1032 4032 1160 4084 habent·
1177 4030 1268 4082 Hanu.

395 4135 420 4167 a.
437 4115 490 4169 Nee
508 4133 576 4177 oua,
597 4132 641 4166 aee
661 4116 860 4184 sperantem·
948 4130 975 4180 7.
989 4113 1019 4164 ln
1038 4113 1135 4184 reliquis
1147 4110 1266 4181 partibus.
1287 4109 1322 4160 lie
1343 4107 1423 4166 nimi·
