3200 5159
404 533 475 626 ¹94
664 493 702 603 u.
731 535 903 606 amun
931 531 1042 602 uns.
1070 535 1197 603 msr.

396 666 496 734 srinae
521 663 748 734 vendiderunt.
779 669 906 736 Invasit
934 665 1054 735 deinde
1088 664 1293 761 singulorum
1324 669 1467 765 piscium

394 795 499 839 amor.
526 772 625 866 Apud
652 759 790 841 Baulos⁴
817 775 852 841 in
881 788 976 869 parte
1006 773 1129 842 Baiana
1161 775 1323 868 piscinam
1349 777 1469 847 babuit

302 1041 306 1052 ·
394 1024 475 1078 tionis
497 1024 575 1076 simul
602 1042 663 1078 cum
689 1025 750 1078 vssts
776 1023 905 1079 mediocri
948 1025 1083 1078 intellectu
1105 1043 1112 1077 :
1139 1037 1168 1078 ut
1197 1027 1261 1080 villa
1287 1028 1358 1082 intra
1383 1047 1465 1102 quam

393 1105 498 1177 pretio,
513 1101 668 1175 quadragies
675 1105 841 1168 sestertium,
853 1107 906 1158 boc
948 1103 1054 1158 modica
1066 1104 1099 1159 sit
1112 1123 1161 1170 ea,
1176 1124 1237 1177 quse
1249 1124 1285 1160 ue
1300 1107 1465 1178 permodicas

393 1197 433 1240 cst
443 1225 451 1250 ,
461 1181 533 1236 mille
546 1201 687 1237 aureorum
701 1185 792 1237 venire
810 1197 905 1254 potue·
949 1182 1058 1256 quidem
1070 1201 1119 1254 par
1137 1187 1180 1238 sit.
1202 1187 1243 1239 lta
1256 1187 1441 1251 Quintilianus
1455 1209 1463 1242 ε

392 1260 535 1318 ruatised
542 1281 597 1316 non
605 1261 905 1334 universsndicetquis,
950 1291 962 1312 ι
975 1263 1109 1316 Hortensii
1118 1301 1126 1327 ,
1135 1263 1234 1335 inquit,
1246 1267 1347 1337 scripta
1359 1281 1465 1320 tantum

391 1343 475 1397 Hirrii
488 1342 602 1414 piscinas
616 1359 677 1394 cum
693 1342 757 1395 villa
770 1341 905 1407 venditas,
948 1343 1017 1395 iutra
1031 1342 1128 1396 famam
1145 1351 1224 1396 sunt:
1243 1371 1256 1391 ι
1268 1345 1320 1399 hoc
1333 1359 1381 1412 est,
1394 1346 1465 1401 iamu

391 1423 437 1476 sed
455 1423 555 1494 aliquot
575 1439 675 1475 earum.
695 1423 814 1476 Tantum
832 1423 906 1475 abest
947 1422 1030 1493 ipsius
1041 1423 1161 1487 minora,
1179 1423 1370 1496 inferioraque.
1395 1427 1464 1480 Hor

392 1515 422 1557 ut
437 1507 482 1556 e'os
496 1501 606 1572 probem
618 1501 665 1572 qui
679 1502 716 1554 ita
732 1501 861 1567 nuntient,
875 1513 906 1555 ut
946 1500 1072 1556 codicum
1084 1502 1208 1556 omnium
1219 1506 1407 1559 auctoritatem
1420 1524 1462 1559 se·

390 1584 473 1636 mirer
486 1580 584 1652 potius,
595 1591 694 1634 attenta
709 1581 832 1652 piscium,
844 1598 905 1651 que
946 1582 1011 1644 cuti,
1027 1581 1092 1650 Heg.
1112 1599 1137 1645 1,
1155 1601 1186 1640 a,
1202 1582 1280 1636 Colb.
1297 1602 1322 1650 r,
1341 1605 1367 1650 s,
1379 1585 1463 1640 Paris.

388 1663 441 1715 illis
456 1661 621 1731 temporibus
635 1673 701 1724 erat,
715 1661 819 1731 ingenti
836 1660 904 1712 esti·
947 1659 1040 1713 chiffl.
1064 1659 1155 1714 Tulet.
1175 1661 1257 1716 Sulm.
1279 1664 1463 1736 aliorumque,

389 1743 519 1802 matioue,
539 1739 645 1792 unicam
664 1740 744 1792 etiam
761 1739 903 1811 piscinam,
943 1743 1045 1811 piscina
1070 1740 1231 1793 uendiderunt
1257 1745 1460 1816 rescripsimus,

389 1821 525 1875 camsilis
539 1817 903 1890 quantumcumquemeslio·
945 1838 996 1891 pro
1021 1822 1153 1873 uesienmt.
1178 1823 1260 1875 Pisces
1287 1841 1339 1894 pro
1361 1828 1463 1895 piscinis

388 1902 440 1966 cri,
462 1913 516 1954 tam
544 1899 643 1970 exiguo
666 1899 755 1969 pretio
781 1898 902 1951 venalem
945 1915 1077 1969 reponere
1090 1899 1231 1954 Pintianus
1244 1921 1341 1974 magun
1351 1917 1465 1958 couten-

388 1982 532 2033 iuseutnm.
562 1979 715 2032 Macrobius
742 1995 827 2041 vero,
855 1978 904 2049 qui
945 1976 986 2031 dit
999 1977 1375 2049 opere,sediucassum.Non
1387 1984 1460 2037 cuim

387 2061 465 2113 aliter
488 2059 584 2122 sentit,
610 2077 666 2111 rem
694 2075 750 2110 non
778 2070 904 2112 accurate
944 2058 1077 2130 piscinas,
1109 2059 1252 2131 alveosque
1279 2061 1385 2126 nudos,
1414 2076 1461 2116 aut

386 2136 543 2212 perpendit,
569 2149 600 2190 ut
621 2138 750 2210 pleraque
772 2137 844 2202 ulia,
866 2137 901 2191 de
945 2155 1026 2210 aquas
1036 2137 1094 2191 sins
1106 2139 1226 2209 piscibus
1235 2141 1459 2196 veniisseintelli·

387 2219 484 2291 quihus
509 2217 542 2269 lis
567 2217 671 2269 homini
700 2213 820 2281 intendi,
845 2235 901 2270 uon
945 2215 1064 2289 gendum
1085 2231 1148 2270 est:
1173 2237 1257 2290 quum
1276 2221 1459 2290 piscinarum,

387 2298 501 2369 injuria,
519 2309 632 2366 posset:
651 2295 809 2348 mendosum
830 2297 901 2350 enim
944 2297 1195 2350 immostsillarum
1207 2300 1459 2371 pautia,erpiscium

386 2377 469 2432 Plinii
485 2375 621 2447 exemplar
633 2387 728 2429 nactus
741 2376 768 2427 iu
783 2394 902 2428 ermrem
944 2395 1068 2441 numero,
1077 2391 1104 2430 ct
1114 2378 1289 2431 exstimatione
1298 2393 1459 2445 cremarent,

387 2458 444 2529 ipse
456 2457 544 2528 lapsus
556 2468 610 2522 est,
624 2467 650 2508 et
661 2455 835 2508 Hermolaum
849 2473 902 2509 una
944 2469 976 2510 ut
984 2475 1016 2508 ex
1026 2457 1111 2510 Canio
1124 2458 1218 2528 liquet,
1232 2456 1333 2529 dequo
1349 2460 1458 2525 Cicero,

386 2555 477 2591 secum
501 2536 589 2591 traxit.
613 2535 708 2588 Parem
732 2536 851 2588 invenies
873 2536 901 2587 in
943 2537 991 2590 lib.
1007 2537 1060 2601 111,
1070 2534 1105 2588 de
1116 2537 1229 2590 Officiis.
1241 2535 1457 2592 Hisne-Istro

386 2616 534 2671 Columella
547 2616 685 2671 mendam:
699 2633 760 2668 num
768 2616 816 2668 ubi
824 2620 902 2687 pisces
944 2635 1016 2688 quest
1037 2615 1162 2668 modicum
1187 2617 1249 2669 Hoc
1270 2631 1329 2682 cst,
1348 2617 1458 2673 modico

386 2698 466 2751 scribi
476 2695 585 2762 debuit,
592 2695 761 2767 piscincialso
771 2695 901 2766 scriptum
944 2707 1005 2766 post
1022 2696 1153 2766 temporis
1176 2695 1279 2767 spatio,
1300 2715 1358 2750 nou
1376 2698 1457 2770 longa

387 2789 433 2830 est.
450 2775 543 2847 Inquit
562 2775 634 2828 libro
647 2787 757 2838 octavo,
768 2791 827 2844 cap.
844 2777 900 2827 16:
944 2793 1109 2846 operoseque
1117 2783 1369 2846 curt,compeusato
1376 2778 1457 2848 pisci-

391 2859 531 2910 sittamen
544 2853 637 2908 iisdem
653 2853 903 2924 temporibus,qui·
943 2872 986 2906 un
1008 2852 1125 2916 damno,
1147 2873 1181 2908 ex
1203 2855 1314 2908 sublatis
1338 2873 1383 2908 sax
1404 2857 1459 2910 illis

388 2939 440 2991 bus
466 2936 535 2988 banc
562 2935 790 2987 commemorabat
814 2935 902 2986 Varro
945 2934 1064 2986 millibus
1098 2951 1288 2988 murenarum.
1320 2933 1353 2988 Id
1384 2938 1456 2990 enim

386 3015 660 3081 luxuriem,maxime
679 3011 838 3066 laudabatur
860 3031 900 3066 se·
944 3013 1012 3066 vellc
1031 3014 1120 3067 Varro
1146 3013 1271 3078 videtur,
1292 3033 1377 3086 quum
1404 3018 1457 3080 ait,

387 3099 484 3152 veritas
496 3093 613 3159 Catonis,
627 3091 674 3164 qui
686 3093 861 3146 nihilomiuus
874 3105 900 3144 et
943 3105 1127 3164 motempore
1138 3106 1165 3146 et
1173 3093 1257 3147 millia
1266 3111 1313 3146 sss
1324 3113 1455 3148 marna·

388 3179 444 3247 ipse
464 3190 537 3230 tutor
551 3172 657 3226 Luculli
678 3171 772 3243 pandi
792 3191 843 3225 scrs
858 3189 899 3224 sc·
942 3191 1002 3224 rum
1017 3173 1116 3226 Curari
1135 3171 1199 3227 ‹lata
1221 3191 1277 3227 esse
1295 3187 1408 3239 mutuo,
1430 3189 1457 3229 et

388 3258 507 3311 stertium
521 3247 897 3325 anquadriugentorumpisci·
942 3252 1034 3305 villam
1054 3253 1156 3306 senisse
1174 3252 1342 3325 quadragies.
1364 3255 1457 3308 Heicrt

388 3357 435 3389 nus
447 3333 545 3407 pupilli
560 3334 602 3387 sui
620 3331 781 3385 venditabat.
797 3357 808 3378 ι
831 3332 901 3385 Scri·
942 3331 994 3386 boc
1008 3345 1035 3385 at
1048 3332 1211 3397 Macrobius,
1221 3335 1327 3388 samm.
1341 3333 1391 3386 lib.
1410 3333 1455 3396 11,

388 3412 691 3485 bcndum,piscespupiili
699 3415 737 3464 sui
746 3411 898 3477 venditabat,
942 3429 1003 3484 cap.
1020 3429 1064 3477 st,
1074 3429 1135 3484 μς.
1153 3413 1220 3466 362.
1232 3413 1457 3467 Ham-luso-

388 3509 446 3549 tum
461 3513 493 3547 ex
504 3494 626 3546 Varrone
642 3491 712 3544 libro
725 3491 815 3555 tertio,
827 3489 900 3544 unde
942 3491 999 3544 lens
1007 3490 1116 3564 quidem
1127 3509 1179 3546 nec
1191 3509 1207 3543 e
1220 3493 1378 3546 Latinorum
1388 3512 1456 3548 cuu-

388 3575 416 3630 id
444 3573 592 3629 Columella
617 3571 765 3636 transtulit,
785 3583 843 3623 tum
866 3589 899 3624 ex
942 3569 1083 3623 suetudine
1095 3562 1280 3624 hellenismus:
1302 3591 1383 3643 quem
1398 3591 1456 3626 noas

387 3655 477 3709 Plinio
487 3655 516 3706 in
528 3653 581 3704 iius
594 3651 687 3722 capitis
701 3649 896 3721 praecedentis:
942 3650 1075 3704 immerito
1086 3651 1209 3704 conferas
1215 3669 1278 3704 cum
1292 3651 1391 3704 celebri
1399 3661 1455 3712 cist

387 3733 456 3789 sdde
466 3733 556 3796 edum,
567 3731 589 3784 si
601 3731 701 3802 placat,
714 3748 746 3783 cx
757 3731 898 3783 Macrobio
940 3724 1036 3790 iussis.
1051 3730 1124 3802 quod
1136 3728 1208 3783 idem
1222 3742 1371 3784 sonatcunt
1381 3734 1456 3799 πολὺ,

386 3811 700 3880 Saturu.l‘sur.-Hujsu
711 3829 737 3862 u.
747 3813 812 3860 istm
826 3829 898 3883 quom
940 3809 1060 3879 pubicae.
1075 3810 1126 3863 Aa.

385 3895 502 3947 modicam
515 3891 659 3962 quadragies
666 3890 768 3959 piscina
780 3889 896 3941 uendide-
981 3896 1007 3951 4.
1022 3891 1101 3960 Apud
1111 3890 1212 3942 Baulos.
1228 3890 1318 3941 Varro
1334 3889 1387 3944 loc.
1405 3891 1454 3945 cit.

383 3988 447 4028 runt.
462 3973 506 4026 Sic
518 3970 680 4024 restituimus
692 3987 724 4020 er
737 3967 816 4022 codd.
829 3971 895 4041 lieg-
943 3994 955 4015 ι
969 3969 1006 4032 Q.
1024 3969 1181 4022 Hortensius
1198 3968 1336 4022 t’amilisris
1352 3982 1456 4035 noster,

386 4075 411 4119 r,
430 4075 456 4116 a,
471 4052 553 4105 Paris.
568 4061 595 4103 et
611 4047 704 4103 Budni
719 4047 779 4102 cod.
795 4049 895 4114 Quam·
938 4065 1022 4119 quum
1037 4048 1151 4120 piscinas
1169 4049 1281 4100 baberet
1296 4066 1393 4120 magna
1407 4067 1455 4122 pe-

380 4151 461 4204 quam
475 4137 502 4186 el
518 4141 619 4184 vetusta
634 4129 735 4194 'lentim
749 4133 814 4181 itanu
823 4148 895 4200 quom
937 4127 1019 4182 cunia
1029 4127 1169 4182 uelificatas
1178 4124 1211 4179 sd
1225 4128 1351 4182 Baulos...
1360 4129 1453 4183 minus

380 4215 515 4277 modicum,
539 4209 646 4264 delendi
669 4227 777 4280 quoque
800 4208 892 4279 possit,
937 4207 1088 4276 laborabat,
1108 4226 1143 4260 ne
1164 4225 1254 4260 sersus
1274 4225 1449 4278 ngenquatu
