<?xml version="1.0" encoding="UTF-8"?>
<!DOCTYPE html PUBLIC "-//W3C//DTD XHTML 1.0 Transitional//EN"
    "http://www.w3.org/TR/xhtml1/DTD/xhtml1-transitional.dtd">
<html xmlns="http://www.w3.org/1999/xhtml" xml:lang="en" lang="en">
 <head>
  <title>
</title>
<meta http-equiv="Content-Type" content="text/html;charset=utf-8" />
  <meta name='ocr-system' content='tesseract 3.04.00' />
  <meta name='ocr-capabilities' content='ocr_page ocr_carea ocr_par ocr_line ocrx_word'/>
</head>
<body>
  <div class='ocr_page' id='page_1' title='image "./caiipliniisecun03unkngoog_0360.png"; bbox 0 0 3200 5159; ppageno 0'>
   <div class='ocr_carea' id='block_1_1' title="bbox 363 423 1155 552">
    <p class='ocr_par' dir='ltr' id='par_1_1' title="bbox 363 423 1155 552">
     <span class='ocr_line' id='line_1_1' title="bbox 363 423 1155 552; baseline -0.006 0"><span class='ocrx_word' id='word_1_1' title='bbox 363 473 432 552; x_wconf 73' lang='lat'>352</span> <span class='ocrx_word' id='word_1_2' title='bbox 637 480 676 548; x_wconf 89' lang='lat' dir='ltr'>c.</span> <span class='ocrx_word' id='word_1_3' title='bbox 702 441 872 548; x_wconf 71' lang='lat' dir='ltr'>amu-11</span> <span class='ocrx_word' id='word_1_4' title='bbox 896 479 1000 549; x_wconf 71' lang='lat' dir='ltr'>uir.</span> <span class='ocrx_word' id='word_1_5' title='bbox 1022 423 1155 548; x_wconf 76' lang='lat' dir='ltr'>mss.</span> 
     </span>
    </p>
   </div>
   <div class='ocr_carea' id='block_1_2' title="bbox 252 598 1432 1875">
    <p class='ocr_par' dir='ltr' id='par_1_2' title="bbox 325 598 1432 1662">
     <span class='ocr_line' id='line_1_2' title="bbox 325 598 1432 705; baseline 0.008 -30"><span class='ocrx_word' id='word_1_6' title='bbox 325 641 337 675; x_wconf 82' lang='grc' dir='ltr'>ι</span> <span class='ocrx_word' id='word_1_7' title='bbox 415 613 589 682; x_wconf 85' lang='lat' dir='ltr'><strong>Lxxxv.</strong></span> <span class='ocrx_word' id='word_1_8' title='bbox 599 598 710 702; x_wconf 73' lang='lat' dir='ltr'>(axv.)</span> <span class='ocrx_word' id='word_1_9' title='bbox 718 612 826 705; x_wconf 90' lang='lat' dir='ltr'>Super</span> <span class='ocrx_word' id='word_1_10' title='bbox 842 627 963 682; x_wconf 89' lang='lat' dir='ltr'>cuncta</span> <span class='ocrx_word' id='word_1_11' title='bbox 978 628 1027 683; x_wconf 91' lang='lat' dir='ltr'>est</span> <span class='ocrx_word' id='word_1_12' title='bbox 1040 614 1184 682; x_wconf 90' lang='lat' dir='ltr'>murium</span> <span class='ocrx_word' id='word_1_13' title='bbox 1200 611 1304 682; x_wconf 85' lang='lat' dir='ltr'>fetus¹</span> <span class='ocrx_word' id='word_1_14' title='bbox 1320 613 1432 685; x_wconf 90' lang='lat' dir='ltr'>:haud</span> 
     </span>
     <span class='ocr_line' id='line_1_3' title="bbox 365 716 1432 814; baseline 0 -24"><span class='ocrx_word' id='word_1_15' title='bbox 365 723 435 790; x_wconf 90' lang='lat' dir='ltr'>sine</span> <span class='ocrx_word' id='word_1_16' title='bbox 453 719 663 788; x_wconf 84' lang='lat' dir='ltr'>cunctatione</span> <span class='ocrx_word' id='word_1_17' title='bbox 681 716 856 806; x_wconf 91' lang='lat' dir='ltr'>dicendus,</span> <span class='ocrx_word' id='word_1_18' title='bbox 868 744 1069 814; x_wconf 86' lang='lat' dir='ltr'>quamquam</span> <span class='ocrx_word' id='word_1_19' title='bbox 1085 719 1146 788; x_wconf 93' lang='lat' dir='ltr'>sub</span> <span class='ocrx_word' id='word_1_20' title='bbox 1160 734 1296 789; x_wconf 90' lang='lat' dir='ltr'>auctore</span> <span class='ocrx_word' id='word_1_21' title='bbox 1307 722 1432 790; x_wconf 81' lang='lat' dir='ltr'>Aristo</span> 
     </span>
     <span class='ocr_line' id='line_1_4' title="bbox 364 823 1431 920; baseline 0 -24"><span class='ocrx_word' id='word_1_22' title='bbox 364 825 429 897; x_wconf 90' lang='lat' dir='ltr'>tele</span> <span class='ocrx_word' id='word_1_23' title='bbox 444 841 477 895; x_wconf 88' lang='lat' dir='ltr'>et</span> <span class='ocrx_word' id='word_1_24' title='bbox 491 823 666 893; x_wconf 80' lang='lat' dir='ltr'><strong>Alexandri</strong></span> <span class='ocrx_word' id='word_1_25' title='bbox 684 825 799 920; x_wconf 83' lang='lat' dir='ltr'>Magni</span> <span class='ocrx_word' id='word_1_26' title='bbox 818 825 986 895; x_wconf 86' lang='lat' dir='ltr'><strong>militibus.</strong></span> <span class='ocrx_word' id='word_1_27' title='bbox 1006 826 1185 896; x_wconf 88' lang='lat' dir='ltr'>Generatio</span> <span class='ocrx_word' id='word_1_28' title='bbox 1200 825 1334 895; x_wconf 83' lang='lat' dir='ltr'>eorum&#39;</span> <span class='ocrx_word' id='word_1_29' title='bbox 1347 827 1431 896; x_wconf 86' lang='lat' dir='ltr'>lam·</span> 
     </span>
     <span class='ocr_line' id='line_1_5' title="bbox 365 931 1432 1026; baseline 0.001 -25"><span class='ocrx_word' id='word_1_30' title='bbox 365 932 474 1002; x_wconf 88' lang='lat' dir='ltr'>hendo</span> <span class='ocrx_word' id='word_1_31' title='bbox 488 945 656 1016; x_wconf 82' lang='lat' dir='ltr'>constare,</span> <span class='ocrx_word' id='word_1_32' title='bbox 679 956 747 1001; x_wconf 93' lang='lat' dir='ltr'>non</span> <span class='ocrx_word' id='word_1_33' title='bbox 767 931 1039 1019; x_wconf 81' lang='lat' dir='ltr'>coitu,·dicitur:</span> <span class='ocrx_word' id='word_1_34' title='bbox 1059 957 1099 1000; x_wconf 80' lang='lat' dir='ltr'>ex</span> <span class='ocrx_word' id='word_1_35' title='bbox 1123 956 1189 999; x_wconf 89' lang='lat' dir='ltr'>una</span> <span class='ocrx_word' id='word_1_36' title='bbox 1212 935 1340 1026; x_wconf 83' lang='lat' dir='ltr'>genitos</span> <span class='ocrx_word' id='word_1_37' title='bbox 1362 957 1432 1003; x_wconf 83' lang='lat' dir='ltr'>cxx</span> 
     </span>
     <span class='ocr_line' id='line_1_6' title="bbox 364 1023 1429 1132; baseline 0.001 -25"><span class='ocrx_word' id='word_1_38' title='bbox 364 1038 593 1108; x_wconf 89' lang='lat' dir='ltr'>tradiderunt:</span> <span class='ocrx_word' id='word_1_39' title='bbox 611 1037 700 1132; x_wconf 90' lang='lat' dir='ltr'>apud</span> <span class='ocrx_word' id='word_1_40' title='bbox 717 1023 849 1107; x_wconf 79' lang='lat' dir='ltr'>Persas³</span> <span class='ocrx_word' id='word_1_41' title='bbox 870 1063 967 1124; x_wconf 88' lang='lat' dir='ltr'>vero,</span> <span class='ocrx_word' id='word_1_42' title='bbox 982 1052 1190 1132; x_wconf 66' lang='lat' dir='ltr'>praegnantes</span> <span class='ocrx_word' id='word_1_43' title='bbox 1203 1052 1236 1106; x_wconf 90' lang='lat' dir='ltr'>et</span> <span class='ocrx_word' id='word_1_44' title='bbox 1256 1040 1291 1107; x_wconf 92' lang='lat' dir='ltr'>in</span> <span class='ocrx_word' id='word_1_45' title='bbox 1313 1055 1429 1108; x_wconf 86' lang='lat' dir='ltr'>ventre</span> 
     </span>
     <span class='ocr_line' id='line_1_7' title="bbox 365 1131 1428 1241; baseline -0.001 -28"><span class='ocrx_word' id='word_1_46' title='bbox 365 1145 509 1241; x_wconf 87' lang='lat' dir='ltr'>parentis</span> <span class='ocrx_word' id='word_1_47' title='bbox 525 1157 682 1238; x_wconf 88' lang='lat' dir='ltr'>repertas.</span> <span class='ocrx_word' id='word_1_48' title='bbox 705 1147 749 1212; x_wconf 90' lang='lat' dir='ltr'>Et</span> <span class='ocrx_word' id='word_1_49' title='bbox 769 1131 861 1212; x_wconf 75' lang='lat' dir='ltr'>salis⁴</span> <span class='ocrx_word' id='word_1_50' title='bbox 878 1159 1012 1237; x_wconf 82' lang='lat' dir='ltr'>gustatu</span> <span class='ocrx_word' id='word_1_51' title='bbox 1037 1145 1108 1212; x_wconf 84' lang='lat' dir='ltr'>fieri</span> <span class='ocrx_word' id='word_1_52' title='bbox 1132 1159 1338 1238; x_wconf 77' lang='lat' dir='ltr'>praegnantes</span> <span class='ocrx_word' id='word_1_53' title='bbox 1358 1147 1428 1239; x_wconf 92' lang='lat' dir='ltr'>opi-</span> 
     </span>
     <span class='ocr_line' id='line_1_8' title="bbox 366 1235 1431 1343; baseline 0.001 -24"><span class='ocrx_word' id='word_1_54' title='bbox 366 1266 499 1320; x_wconf 91' lang='lat' dir='ltr'>nantur.</span> <span class='ocrx_word' id='word_1_55' title='bbox 514 1252 630 1343; x_wconf 83' lang='lat' dir='ltr'>Itaque</span> <span class='ocrx_word' id='word_1_56' title='bbox 645 1235 782 1318; x_wconf 87' lang='lat' dir='ltr'>desinit⁵</span> <span class='ocrx_word' id='word_1_57' title='bbox 798 1252 920 1318; x_wconf 88' lang='lat' dir='ltr'>mirum</span> <span class='ocrx_word' id='word_1_58' title='bbox 934 1275 1020 1332; x_wconf 89' lang='lat' dir='ltr'>esse,</span> <span class='ocrx_word' id='word_1_59' title='bbox 1035 1248 1122 1318; x_wconf 89' lang='lat' dir='ltr'>unde</span> <span class='ocrx_word' id='word_1_60' title='bbox 1138 1252 1188 1319; x_wconf 91' lang='lat' dir='ltr'>vis</span> <span class='ocrx_word' id='word_1_61' title='bbox 1206 1265 1297 1320; x_wconf 83' lang='lat' dir='ltr'>tauta</span> <span class='ocrx_word' id='word_1_62' title='bbox 1309 1276 1431 1320; x_wconf 90' lang='lat' dir='ltr'>messes</span> 
     </span>
     <span class='ocr_line' id='line_1_9' title="bbox 367 1340 1430 1452; baseline -0.001 -26"><span class='ocrx_word' id='word_1_63' title='bbox 367 1355 544 1452; x_wconf 84' lang='lat' dir='ltr'>populetur</span> <span class='ocrx_word' id='word_1_64' title='bbox 560 1357 704 1424; x_wconf 91' lang='lat' dir='ltr'>murium</span> <span class='ocrx_word' id='word_1_65' title='bbox 723 1357 933 1450; x_wconf 85' lang='lat' dir='ltr'>agrestium:</span> <span class='ocrx_word' id='word_1_66' title='bbox 962 1359 996 1424; x_wconf 92' lang='lat' dir='ltr'>in</span> <span class='ocrx_word' id='word_1_67' title='bbox 1023 1340 1165 1449; x_wconf 81' lang='lat' dir='ltr'>quibus⁶</span> <span class='ocrx_word' id='word_1_68' title='bbox 1191 1353 1272 1424; x_wconf 92' lang='lat' dir='ltr'>illud</span> <span class='ocrx_word' id='word_1_69' title='bbox 1298 1382 1430 1450; x_wconf 90' lang='lat' dir='ltr'>quoque</span> 
     </span>
     <span class='ocr_line' id='line_1_10' title="bbox 368 1461 1429 1556; baseline -0.001 -24"><span class='ocrx_word' id='word_1_70' title='bbox 368 1463 477 1532; x_wconf 87' lang='lat' dir='ltr'>adhuc</span> <span class='ocrx_word' id='word_1_71' title='bbox 499 1461 597 1548; x_wconf 91' lang='lat' dir='ltr'>latet,</span> <span class='ocrx_word' id='word_1_72' title='bbox 617 1486 760 1556; x_wconf 91' lang='lat' dir='ltr'>quonam</span> <span class='ocrx_word' id='word_1_73' title='bbox 775 1461 876 1531; x_wconf 93' lang='lat' dir='ltr'>modo</span> <span class='ocrx_word' id='word_1_74' title='bbox 886 1461 941 1530; x_wconf 87' lang='lat' dir='ltr'>illa</span> <span class='ocrx_word' id='word_1_75' title='bbox 951 1461 1128 1530; x_wconf 86' lang='lat' dir='ltr'>multitudo</span> <span class='ocrx_word' id='word_1_76' title='bbox 1139 1477 1274 1556; x_wconf 89' lang='lat' dir='ltr'>repente</span> <span class='ocrx_word' id='word_1_77' title='bbox 1290 1462 1429 1533; x_wconf 86' lang='lat' dir='ltr'>occidat.</span> 
     </span>
     <span class='ocr_line' id='line_1_11' title="bbox 367 1570 1429 1662; baseline -0.001 -23"><span class='ocrx_word' id='word_1_78' title='bbox 367 1573 455 1640; x_wconf 87' lang='lat' dir='ltr'>Nam</span> <span class='ocrx_word' id='word_1_79' title='bbox 471 1594 532 1638; x_wconf 89' lang='lat' dir='ltr'>nec</span> <span class='ocrx_word' id='word_1_80' title='bbox 543 1570 708 1636; x_wconf 87' lang='lat' dir='ltr'>exanimes</span> <span class='ocrx_word' id='word_1_81' title='bbox 729 1570 953 1662; x_wconf 87' lang='lat' dir='ltr'>reperiuntur,</span> <span class='ocrx_word' id='word_1_82' title='bbox 975 1593 1082 1661; x_wconf 87' lang='lat' dir='ltr'>neque</span> <span class='ocrx_word' id='word_1_83' title='bbox 1102 1582 1207 1636; x_wconf 83' lang='lat' dir='ltr'>exstat</span> <span class='ocrx_word' id='word_1_84' title='bbox 1224 1570 1280 1662; x_wconf 91' lang='lat' dir='ltr'>qui</span> <span class='ocrx_word' id='word_1_85' title='bbox 1294 1595 1429 1639; x_wconf 87' lang='lat' dir='ltr'>murem</span> 
     </span>
    </p>

    <p class='ocr_par' dir='ltr' id='par_1_3' title="bbox 252 1674 1430 1875">
     <span class='ocr_line' id='line_1_12' title="bbox 252 1674 1430 1769; baseline -0.003 -21"><span class='ocrx_word' id='word_1_86' title='bbox 252 1693 254 1698; x_wconf 87' lang='grc'><strong>’</strong></span> <span class='ocrx_word' id='word_1_87' title='bbox 337 1676 477 1749; x_wconf 68' lang='lat' dir='ltr'>,hieme</span> <span class='ocrx_word' id='word_1_88' title='bbox 499 1676 533 1742; x_wconf 92' lang='lat' dir='ltr'>in</span> <span class='ocrx_word' id='word_1_89' title='bbox 553 1699 633 1767; x_wconf 85' lang='lat' dir='ltr'>agro</span> <span class='ocrx_word' id='word_1_90' title='bbox 655 1675 817 1742; x_wconf 85' lang='lat' dir='ltr'>effoderit.</span> <span class='ocrx_word' id='word_1_91' title='bbox 839 1674 975 1742; x_wconf 87' lang='lat' dir='ltr'>Plurimi</span> <span class='ocrx_word' id='word_1_92' title='bbox 993 1675 1037 1741; x_wconf 86' lang='lat' dir='ltr'>ita</span> <span class='ocrx_word' id='word_1_93' title='bbox 1060 1674 1103 1742; x_wconf 88' lang='lat' dir='ltr'>ad</span> <span class='ocrx_word' id='word_1_94' title='bbox 1124 1675 1288 1743; x_wconf 87' lang='lat' dir='ltr'>Troadem</span> <span class='ocrx_word' id='word_1_95' title='bbox 1307 1701 1430 1769; x_wconf 89' lang='lat' dir='ltr'>prove-</span> 
     </span>
     <span class='ocr_line' id='line_1_13' title="bbox 368 1778 1430 1875; baseline 0 -25"><span class='ocrx_word' id='word_1_96' title='bbox 368 1783 464 1851; x_wconf 89' lang='lat' dir='ltr'>niunt</span> <span class='ocrx_word' id='word_1_97' title='bbox 481 1807 488 1849; x_wconf 78' lang='grc' dir='ltr'><strong><em>ε</em></strong></span> <span class='ocrx_word' id='word_1_98' title='bbox 512 1795 545 1849; x_wconf 93' lang='lat' dir='ltr'>et</span> <span class='ocrx_word' id='word_1_99' title='bbox 558 1781 626 1873; x_wconf 89' lang='lat' dir='ltr'>jam</span> <span class='ocrx_word' id='word_1_100' title='bbox 642 1781 716 1849; x_wconf 90' lang='lat' dir='ltr'>inde</span> <span class='ocrx_word' id='word_1_101' title='bbox 730 1781 931 1875; x_wconf 80' lang='lat' dir='ltr'>fugaverunt</span> <span class='ocrx_word' id='word_1_102' title='bbox 945 1778 1078 1848; x_wconf 89' lang='lat' dir='ltr'>incolas.</span> <span class='ocrx_word' id='word_1_103' title='bbox 1093 1783 1298 1851; x_wconf 79' lang='lat' dir='ltr'>Proventus⁷</span> <span class='ocrx_word' id='word_1_104' title='bbox 1314 1807 1430 1850; x_wconf 89' lang='lat' dir='ltr'>eorum</span> 
     </span>
    </p>
   </div>
   <div class='ocr_carea' id='block_1_3' title="bbox 370 2019 1468 4156">
    <p class='ocr_par' dir='ltr' id='par_1_4' title="bbox 370 2019 1434 2568">
     <span class='ocr_line' id='line_1_14' title="bbox 370 2019 1431 2084; baseline 0.003 -9"><span class='ocrx_word' id='word_1_105' title='bbox 370 2039 429 2076; x_wconf 85' lang='lat' dir='ltr'>sues</span> <span class='ocrx_word' id='word_1_106' title='bbox 443 2032 545 2074; x_wconf 79' lang='lat' dir='ltr'>tuntum</span> <span class='ocrx_word' id='word_1_107' title='bbox 559 2039 643 2072; x_wconf 88' lang='lat' dir='ltr'>uuum</span> <span class='ocrx_word' id='word_1_108' title='bbox 665 2032 691 2072; x_wconf 89' lang='lat' dir='ltr'>et</span> <span class='ocrx_word' id='word_1_109' title='bbox 702 2019 769 2072; x_wconf 90' lang='lat' dir='ltr'>duos</span> <span class='ocrx_word' id='word_1_110' title='bbox 783 2019 879 2084; x_wconf 87' lang='lat' dir='ltr'>edunt,</span> <span class='ocrx_word' id='word_1_111' title='bbox 964 2042 989 2073; x_wconf 81' lang='lat' dir='ltr'>a.</span> <span class='ocrx_word' id='word_1_112' title='bbox 1002 2021 1131 2075; x_wconf 82' lang='lat' dir='ltr'>Generatio</span> <span class='ocrx_word' id='word_1_113' title='bbox 1142 2042 1229 2076; x_wconf 83' lang='lat' dir='ltr'>eorum.</span> <span class='ocrx_word' id='word_1_114' title='bbox 1240 2024 1350 2076; x_wconf 83' lang='lat' dir='ltr'>Aristot.</span> <span class='ocrx_word' id='word_1_115' title='bbox 1363 2025 1431 2079; x_wconf 86' lang='lat' dir='ltr'>Hist.</span> 
     </span>
     <span class='ocr_line' id='line_1_15' title="bbox 371 2099 1430 2174; baseline 0.007 -25"><span class='ocrx_word' id='word_1_116' title='bbox 371 2101 435 2154; x_wconf 84' lang='lat' dir='ltr'>item</span> <span class='ocrx_word' id='word_1_117' title='bbox 456 2101 557 2170; x_wconf 86' lang='lat' dir='ltr'>plures,</span> <span class='ocrx_word' id='word_1_118' title='bbox 577 2111 625 2151; x_wconf 86' lang='lat' dir='ltr'>etc.</span> <span class='ocrx_word' id='word_1_119' title='bbox 636 2125 646 2145; x_wconf 79' lang='grc' dir='ltr'>ι</span> <span class='ocrx_word' id='word_1_120' title='bbox 665 2100 831 2163; x_wconf 83' lang='lat' dir='ltr'>Aristotcles,</span> <span class='ocrx_word' id='word_1_121' title='bbox 846 2099 880 2152; x_wconf 92' lang='lat' dir='ltr'>de</span> <span class='ocrx_word' id='word_1_122' title='bbox 923 2100 1012 2152; x_wconf 69' lang='lat' dir='ltr'>duim.</span> <span class='ocrx_word' id='word_1_123' title='bbox 1024 2102 1069 2154; x_wconf 88' lang='lat' dir='ltr'>lib.</span> <span class='ocrx_word' id='word_1_124' title='bbox 1082 2102 1137 2163; x_wconf 82' lang='lat' dir='ltr'>Vl,</span> <span class='ocrx_word' id='word_1_125' title='bbox 1150 2121 1208 2173; x_wconf 88' lang='lat' dir='ltr'>cap.</span> <span class='ocrx_word' id='word_1_126' title='bbox 1223 2104 1270 2172; x_wconf 85' lang='grc'>37,</span> <span class='ocrx_word' id='word_1_127' title='bbox 1281 2122 1309 2174; x_wconf 87' lang='lat' dir='ltr'>p.</span> <span class='ocrx_word' id='word_1_128' title='bbox 1321 2108 1387 2173; x_wconf 84' lang='lat'>786.</span> <span class='ocrx_word' id='word_1_129' title='bbox 1396 2105 1430 2156; x_wconf 88' lang='lat' dir='ltr'>ll.</span> 
     </span>
     <span class='ocr_line' id='line_1_16' title="bbox 372 2178 1430 2254; baseline 0.002 -21"><span class='ocrx_word' id='word_1_130' title='bbox 372 2181 497 2233; x_wconf 87' lang='lat' dir='ltr'>Generat.</span> <span class='ocrx_word' id='word_1_131' title='bbox 510 2179 685 2241; x_wconf 79' lang='lat' dir='ltr'>Animalium,</span> <span class='ocrx_word' id='word_1_132' title='bbox 697 2178 767 2230; x_wconf 87' lang='lat' dir='ltr'>libro</span> <span class='ocrx_word' id='word_1_133' title='bbox 775 2192 880 2250; x_wconf 90' lang='lat' dir='ltr'>quarto,</span> <span class='ocrx_word' id='word_1_134' title='bbox 964 2179 989 2232; x_wconf 82' lang='grc'>3.</span> <span class='ocrx_word' id='word_1_135' title='bbox 1001 2182 1080 2249; x_wconf 83' lang='lat' dir='ltr'>Apud</span> <span class='ocrx_word' id='word_1_136' title='bbox 1088 2182 1184 2234; x_wconf 80' lang='lat' dir='ltr'>Persas.</span> <span class='ocrx_word' id='word_1_137' title='bbox 1196 2183 1275 2234; x_wconf 79' lang='lat' dir='ltr'>Arist.</span> <span class='ocrx_word' id='word_1_138' title='bbox 1285 2203 1345 2254; x_wconf 82' lang='lat' dir='ltr'>pag.</span> <span class='ocrx_word' id='word_1_139' title='bbox 1357 2185 1392 2252; x_wconf 87' lang='lat'>78</span> <span class='ocrx_word' id='word_1_140' title='bbox 1397 2205 1430 2253; x_wconf 83' lang='lat'>7,</span> 
     </span>
     <span class='ocr_line' id='line_1_17' title="bbox 372 2257 1431 2329; baseline 0.003 -18"><span class='ocrx_word' id='word_1_141' title='bbox 372 2259 458 2329; x_wconf 81' lang='lat' dir='ltr'>capite</span> <span class='ocrx_word' id='word_1_142' title='bbox 468 2270 556 2310; x_wconf 86' lang='lat' dir='ltr'>sexto:</span> <span class='ocrx_word' id='word_1_143' title='bbox 570 2284 580 2304; x_wconf 74' lang='grc' dir='ltr'>ι</span> <span class='ocrx_word' id='word_1_144' title='bbox 590 2259 650 2310; x_wconf 87' lang='lat' dir='ltr'>Sola</span> <span class='ocrx_word' id='word_1_145' title='bbox 659 2259 727 2310; x_wconf 87' lang='lat' dir='ltr'>iuter</span> <span class='ocrx_word' id='word_1_146' title='bbox 739 2259 880 2327; x_wconf 87' lang='lat' dir='ltr'>multipara</span> <span class='ocrx_word' id='word_1_147' title='bbox 923 2257 1068 2310; x_wconf 86' lang='lat' dir='ltr'>modestius</span> <span class='ocrx_word' id='word_1_148' title='bbox 1081 2261 1197 2325; x_wconf 85' lang='lat' dir='ltr'>loeutus,</span> <span class='ocrx_word' id='word_1_149' title='bbox 1211 2262 1326 2316; x_wconf 80' lang='lat' dir='ltr'>dissectis</span> <span class='ocrx_word' id='word_1_150' title='bbox 1340 2281 1355 2314; x_wconf 97' lang='lat' dir='ltr'>e</span> <span class='ocrx_word' id='word_1_151' title='bbox 1376 2282 1431 2314; x_wconf 88' lang='lat' dir='ltr'>mn·</span> 
     </span>
     <span class='ocr_line' id='line_1_18' title="bbox 372 2337 1433 2408; baseline 0.003 -17"><span class='ocrx_word' id='word_1_152' title='bbox 372 2357 416 2392; x_wconf 83' lang='lat' dir='ltr'>sus</span> <span class='ocrx_word' id='word_1_153' title='bbox 429 2337 654 2408; x_wconf 84' lang='lat' dir='ltr'>paritperfectos,</span> <span class='ocrx_word' id='word_1_154' title='bbox 664 2355 746 2406; x_wconf 87' lang='lat' dir='ltr'>eaque</span> <span class='ocrx_word' id='word_1_155' title='bbox 759 2357 811 2390; x_wconf 88' lang='lat' dir='ltr'>una</span> <span class='ocrx_word' id='word_1_156' title='bbox 821 2357 880 2390; x_wconf 89' lang='lat' dir='ltr'>eva·</span> <span class='ocrx_word' id='word_1_157' title='bbox 922 2338 970 2390; x_wconf 86' lang='lat' dir='ltr'>tris</span> <span class='ocrx_word' id='word_1_158' title='bbox 993 2352 1068 2391; x_wconf 91' lang='lat' dir='ltr'>utero</span> <span class='ocrx_word' id='word_1_159' title='bbox 1090 2341 1197 2402; x_wconf 83' lang='lat' dir='ltr'>fetibus,</span> <span class='ocrx_word' id='word_1_160' title='bbox 1213 2343 1319 2395; x_wconf 86' lang='lat' dir='ltr'>feminei</span> <span class='ocrx_word' id='word_1_161' title='bbox 1340 2361 1433 2406; x_wconf 81' lang='lat' dir='ltr'>sexus,</span> 
     </span>
     <span class='ocr_line' id='line_1_19' title="bbox 370 2415 1434 2490; baseline 0.005 -20"><span class='ocrx_word' id='word_1_162' title='bbox 370 2419 430 2470; x_wconf 91' lang='lat' dir='ltr'>riat.</span> <span class='ocrx_word' id='word_1_163' title='bbox 452 2417 568 2468; x_wconf 87' lang='lat' dir='ltr'>Generat</span> <span class='ocrx_word' id='word_1_164' title='bbox 589 2417 659 2469; x_wconf 90' lang='lat' dir='ltr'>euim</span> <span class='ocrx_word' id='word_1_165' title='bbox 686 2417 783 2469; x_wconf 89' lang='lat' dir='ltr'>multos</span> <span class='ocrx_word' id='word_1_166' title='bbox 806 2437 880 2469; x_wconf 87' lang='lat' dir='ltr'>more</span> <span class='ocrx_word' id='word_1_167' title='bbox 922 2429 1055 2488; x_wconf 82' lang='lat' dir='ltr'>tamquam</span> <span class='ocrx_word' id='word_1_168' title='bbox 1076 2415 1312 2490; x_wconf 73' lang='lat' dir='ltr'>praegnantes,rier</span> <span class='ocrx_word' id='word_1_169' title='bbox 1329 2426 1434 2482; x_wconf 73' lang='lat' dir='ltr'>ausura,</span> 
     </span>
     <span class='ocr_line' id='line_1_20' title="bbox 371 2495 1212 2568; baseline 0.005 -20"><span class='ocrx_word' id='word_1_170' title='bbox 371 2495 495 2548; x_wconf 81' lang='lat' dir='ltr'>multifidi</span> <span class='ocrx_word' id='word_1_171' title='bbox 506 2497 707 2568; x_wconf 86' lang='lat' dir='ltr'>generis,quum</span> <span class='ocrx_word' id='word_1_172' title='bbox 720 2497 881 2549; x_wconf 87' lang='lat' dir='ltr'>etbisulcum</span> <span class='ocrx_word' id='word_1_173' title='bbox 922 2497 990 2548; x_wconf 81' lang='lat' dir='ltr'>visas</span> <span class='ocrx_word' id='word_1_174' title='bbox 1002 2517 1056 2548; x_wconf 87' lang='lat' dir='ltr'>csse</span> <span class='ocrx_word' id='word_1_175' title='bbox 1067 2500 1113 2551; x_wconf 84' lang='lat' dir='ltr'>ait.</span> <span class='ocrx_word' id='word_1_176' title='bbox 1123 2499 1212 2552; x_wconf 71' lang='lat' dir='ltr'>Hann.</span> 
     </span>
    </p>

    <p class='ocr_par' dir='ltr' id='par_1_5' title="bbox 370 2575 1432 2808">
     <span class='ocr_line' id='line_1_21' title="bbox 371 2575 1429 2646; baseline 0.002 -17"><span class='ocrx_word' id='word_1_177' title='bbox 371 2589 397 2629; x_wconf 90' lang='lat' dir='ltr'>et</span> <span class='ocrx_word' id='word_1_178' title='bbox 409 2577 506 2646; x_wconf 80' lang='lat' dir='ltr'>aolipes</span> <span class='ocrx_word' id='word_1_179' title='bbox 523 2575 570 2627; x_wconf 86' lang='lat' dir='ltr'>sit:</span> <span class='ocrx_word' id='word_1_180' title='bbox 580 2588 642 2628; x_wconf 87' lang='lat' dir='ltr'>sunt</span> <span class='ocrx_word' id='word_1_181' title='bbox 660 2576 731 2629; x_wconf 87' lang='lat' dir='ltr'>enirn</span> <span class='ocrx_word' id='word_1_182' title='bbox 743 2576 808 2628; x_wconf 86' lang='lat' dir='ltr'>loris</span> <span class='ocrx_word' id='word_1_183' title='bbox 821 2577 880 2646; x_wconf 92' lang='lat' dir='ltr'>qui·</span> <span class='ocrx_word' id='word_1_184' title='bbox 965 2583 991 2640; x_wconf 72' lang='grc'>4.</span> <span class='ocrx_word' id='word_1_185' title='bbox 1007 2578 1044 2628; x_wconf 88' lang='lat' dir='ltr'>Et</span> <span class='ocrx_word' id='word_1_186' title='bbox 1053 2580 1121 2632; x_wconf 71' lang='lat' dir='ltr'>salu.</span> <span class='ocrx_word' id='word_1_187' title='bbox 1135 2580 1242 2632; x_wconf 76' lang='lat' dir='ltr'>bristot.</span> <span class='ocrx_word' id='word_1_188' title='bbox 1261 2581 1321 2631; x_wconf 91' lang='lat' dir='ltr'>loco</span> <span class='ocrx_word' id='word_1_189' title='bbox 1336 2581 1429 2634; x_wconf 81' lang='lat' dir='ltr'>citato.</span> 
     </span>
     <span class='ocr_line' id='line_1_22' title="bbox 370 2653 1432 2725; baseline 0.004 -17"><span class='ocrx_word' id='word_1_190' title='bbox 370 2653 484 2708; x_wconf 84' lang='lat' dir='ltr'>busdam</span> <span class='ocrx_word' id='word_1_191' title='bbox 506 2673 564 2706; x_wconf 84' lang='lat' dir='ltr'>sues</span> <span class='ocrx_word' id='word_1_192' title='bbox 581 2653 664 2708; x_wconf 89' lang='lat' dir='ltr'>solida</span> <span class='ocrx_word' id='word_1_193' title='bbox 678 2656 784 2725; x_wconf 85' lang='lat' dir='ltr'>ungula.</span> <span class='ocrx_word' id='word_1_194' title='bbox 800 2656 881 2708; x_wconf 83' lang='lat' dir='ltr'>Purtu</span> <span class='ocrx_word' id='word_1_195' title='bbox 924 2656 1057 2718; x_wconf 81' lang='lat' dir='ltr'>AElianus,</span> <span class='ocrx_word' id='word_1_196' title='bbox 1069 2658 1166 2709; x_wconf 81' lang='lat' dir='ltr'>Hister.</span> <span class='ocrx_word' id='word_1_197' title='bbox 1188 2658 1303 2711; x_wconf 81' lang='lat' dir='ltr'>Animal.</span> <span class='ocrx_word' id='word_1_198' title='bbox 1316 2660 1364 2712; x_wconf 88' lang='lat' dir='ltr'>lib.</span> <span class='ocrx_word' id='word_1_199' title='bbox 1375 2661 1432 2725; x_wconf 79' lang='lat' dir='ltr'>IX,</span> 
     </span>
     <span class='ocr_line' id='line_1_23' title="bbox 371 2735 1128 2808; baseline 0.001 -21"><span class='ocrx_word' id='word_1_200' title='bbox 371 2735 453 2808; x_wconf 84' lang='lat' dir='ltr'>igitur</span> <span class='ocrx_word' id='word_1_201' title='bbox 464 2753 603 2787; x_wconf 90' lang='lat' dir='ltr'>numerosa</span> <span class='ocrx_word' id='word_1_202' title='bbox 620 2747 674 2800; x_wconf 86' lang='lat' dir='ltr'>est,</span> <span class='ocrx_word' id='word_1_203' title='bbox 690 2735 815 2805; x_wconf 86' lang='lat' dir='ltr'>quoniam</span> <span class='ocrx_word' id='word_1_204' title='bbox 833 2735 880 2786; x_wconf 87' lang='lat' dir='ltr'>ali·</span> <span class='ocrx_word' id='word_1_205' title='bbox 923 2753 981 2805; x_wconf 88' lang='lat' dir='ltr'>cap.</span> <span class='ocrx_word' id='word_1_206' title='bbox 998 2737 1024 2788; x_wconf 76' lang='lat'>3.</span> <span class='ocrx_word' id='word_1_207' title='bbox 1037 2736 1128 2788; x_wconf 78' lang='lat' dir='ltr'>Hsuu.</span> 
     </span>
    </p>

    <p class='ocr_par' dir='ltr' id='par_1_6' title="bbox 371 2811 1468 3440">
     <span class='ocr_line' id='line_1_24' title="bbox 372 2811 1436 2887; baseline 0.005 -21"><span class='ocrx_word' id='word_1_208' title='bbox 372 2826 491 2866; x_wconf 89' lang='lat' dir='ltr'>mentum</span> <span class='ocrx_word' id='word_1_209' title='bbox 508 2811 581 2883; x_wconf 90' lang='lat' dir='ltr'>quod</span> <span class='ocrx_word' id='word_1_210' title='bbox 601 2814 629 2865; x_wconf 91' lang='lat' dir='ltr'>in</span> <span class='ocrx_word' id='word_1_211' title='bbox 652 2815 772 2884; x_wconf 87' lang='lat' dir='ltr'>corporis</span> <span class='ocrx_word' id='word_1_212' title='bbox 784 2815 881 2885; x_wconf 79' lang='lat' dir='ltr'>magni·</span> <span class='ocrx_word' id='word_1_213' title='bbox 964 2820 989 2868; x_wconf 80' lang='lat'>5.</span> <span class='ocrx_word' id='word_1_214' title='bbox 1001 2816 1092 2886; x_wconf 79' lang='lat' dir='ltr'>Itaque.</span> <span class='ocrx_word' id='word_1_215' title='bbox 1102 2815 1182 2868; x_wconf 81' lang='lat' dir='ltr'>Arist.</span> <span class='ocrx_word' id='word_1_216' title='bbox 1194 2835 1252 2887; x_wconf 78' lang='lat' dir='ltr'>pag.</span> <span class='ocrx_word' id='word_1_217' title='bbox 1266 2821 1332 2886; x_wconf 87' lang='lat'>786.</span> <span class='ocrx_word' id='word_1_218' title='bbox 1343 2817 1436 2871; x_wconf 79' lang='lat' dir='ltr'>Refert</span> 
     </span>
     <span class='ocr_line' id='line_1_25' title="bbox 371 2892 1433 2965; baseline 0.002 -19"><span class='ocrx_word' id='word_1_219' title='bbox 371 2892 493 2947; x_wconf 82' lang='lat' dir='ltr'>tudinem</span> <span class='ocrx_word' id='word_1_220' title='bbox 521 2893 717 2954; x_wconf 82' lang='lat' dir='ltr'>absumeretur,</span> <span class='ocrx_word' id='word_1_221' title='bbox 742 2894 769 2944; x_wconf 90' lang='lat' dir='ltr'>in</span> <span class='ocrx_word' id='word_1_222' title='bbox 790 2911 880 2946; x_wconf 85' lang='lat' dir='ltr'>exere·</span> <span class='ocrx_word' id='word_1_223' title='bbox 924 2893 1084 2964; x_wconf 87' lang='lat' dir='ltr'>Childreyus</span> <span class='ocrx_word' id='word_1_224' title='bbox 1094 2896 1205 2965; x_wconf 78' lang='lat' dir='ltr'>Anglus,</span> <span class='ocrx_word' id='word_1_225' title='bbox 1215 2897 1260 2948; x_wconf 90' lang='lat' dir='ltr'>lib.</span> <span class='ocrx_word' id='word_1_226' title='bbox 1274 2895 1309 2949; x_wconf 93' lang='lat' dir='ltr'>de</span> <span class='ocrx_word' id='word_1_227' title='bbox 1322 2897 1433 2948; x_wconf 84' lang='lat' dir='ltr'>Mirabi-</span> 
     </span>
     <span class='ocr_line' id='line_1_26' title="bbox 371 2969 1468 3046; baseline 0.002 -20"><span class='ocrx_word' id='word_1_228' title='bbox 371 2985 491 3026; x_wconf 86' lang='lat' dir='ltr'>mentum</span> <span class='ocrx_word' id='word_1_229' title='bbox 506 2972 629 3024; x_wconf 87' lang='lat' dir='ltr'>seminale</span> <span class='ocrx_word' id='word_1_230' title='bbox 644 2971 757 3025; x_wconf 75' lang='lat' dir='ltr'>decedit.</span> <span class='ocrx_word' id='word_1_231' title='bbox 766 2970 797 3024; x_wconf 88' lang='lat' dir='ltr'>ld</span> <span class='ocrx_word' id='word_1_232' title='bbox 809 2973 881 3024; x_wconf 91' lang='lat' dir='ltr'>euim</span> <span class='ocrx_word' id='word_1_233' title='bbox 922 2973 993 3026; x_wconf 88' lang='lat' dir='ltr'>libus</span> <span class='ocrx_word' id='word_1_234' title='bbox 1003 2986 1104 3026; x_wconf 76' lang='lat' dir='ltr'>naturae</span> <span class='ocrx_word' id='word_1_235' title='bbox 1114 2975 1141 3026; x_wconf 92' lang='lat' dir='ltr'>in</span> <span class='ocrx_word' id='word_1_236' title='bbox 1154 2976 1263 3046; x_wconf 75' lang='lat' dir='ltr'>Arrgfia,</span> <span class='ocrx_word' id='word_1_237' title='bbox 1278 2975 1397 3028; x_wconf 86' lang='lat' dir='ltr'>laudatus</span> <span class='ocrx_word' id='word_1_238' title='bbox 1404 2977 1434 3028; x_wconf 89' lang='lat' dir='ltr'>in</span> <span class='ocrx_word' id='word_1_239' title='bbox 1458 2969 1468 2988; x_wconf 72' lang='lat'>⁸</span> 
     </span>
     <span class='ocr_line' id='line_1_27' title="bbox 372 3050 1432 3126; baseline 0.002 -20"><span class='ocrx_word' id='word_1_240' title='bbox 372 3066 402 3106; x_wconf 90' lang='lat' dir='ltr'>ut</span> <span class='ocrx_word' id='word_1_241' title='bbox 413 3052 509 3124; x_wconf 84' lang='lat' dir='ltr'>solipes</span> <span class='ocrx_word' id='word_1_242' title='bbox 521 3050 702 3122; x_wconf 85' lang='lat' dir='ltr'>magnitudine</span> <span class='ocrx_word' id='word_1_243' title='bbox 716 3065 794 3104; x_wconf 85' lang='lat' dir='ltr'>caret.</span> <span class='ocrx_word' id='word_1_244' title='bbox 807 3053 882 3116; x_wconf 82' lang='lat' dir='ltr'>Quin</span> <span class='ocrx_word' id='word_1_245' title='bbox 922 3051 1092 3124; x_wconf 85' lang='lat' dir='ltr'>Ephemerid.</span> <span class='ocrx_word' id='word_1_246' title='bbox 1107 3052 1190 3108; x_wconf 86' lang='lat' dir='ltr'>Erud.</span> <span class='ocrx_word' id='word_1_247' title='bbox 1203 3059 1287 3126; x_wconf 81' lang='lat'>1667,</span> <span class='ocrx_word' id='word_1_248' title='bbox 1297 3074 1357 3126; x_wconf 80' lang='lat' dir='ltr'>pag.</span> <span class='ocrx_word' id='word_1_249' title='bbox 1368 3055 1432 3116; x_wconf 80' lang='lat'>113,</span> 
     </span>
     <span class='ocr_line' id='line_1_28' title="bbox 373 3131 1434 3206; baseline 0.002 -21"><span class='ocrx_word' id='word_1_250' title='bbox 373 3145 400 3185; x_wconf 88' lang='lat' dir='ltr'>et</span> <span class='ocrx_word' id='word_1_251' title='bbox 415 3133 503 3202; x_wconf 86' lang='lat' dir='ltr'>potius</span> <span class='ocrx_word' id='word_1_252' title='bbox 522 3133 594 3202; x_wconf 83' lang='lat' dir='ltr'>quasi</span> <span class='ocrx_word' id='word_1_253' title='bbox 615 3131 747 3200; x_wconf 84' lang='lat' dir='ltr'>ambigens</span> <span class='ocrx_word' id='word_1_254' title='bbox 760 3150 820 3183; x_wconf 91' lang='lat' dir='ltr'>cum</span> <span class='ocrx_word' id='word_1_255' title='bbox 836 3152 882 3184; x_wconf 82' lang='lat' dir='ltr'>na·</span> <span class='ocrx_word' id='word_1_256' title='bbox 923 3133 1040 3184; x_wconf 87' lang='lat' dir='ltr'>murium</span> <span class='ocrx_word' id='word_1_257' title='bbox 1051 3132 1154 3185; x_wconf 82' lang='lat' dir='ltr'>infinita</span> <span class='ocrx_word' id='word_1_258' title='bbox 1165 3134 1333 3187; x_wconf 89' lang='lat' dir='ltr'>multitudine</span> <span class='ocrx_word' id='word_1_259' title='bbox 1346 3153 1434 3206; x_wconf 89' lang='lat' dir='ltr'>popu-</span> 
     </span>
     <span class='ocr_line' id='line_1_29' title="bbox 373 3203 1436 3285; baseline 0.001 -19"><span class='ocrx_word' id='word_1_260' title='bbox 373 3225 431 3266; x_wconf 89' lang='lat' dir='ltr'>tura</span> <span class='ocrx_word' id='word_1_261' title='bbox 440 3203 616 3281; x_wconf 85' lang='lat' dir='ltr'>solidipedum</span> <span class='ocrx_word' id='word_1_262' title='bbox 627 3210 758 3263; x_wconf 82' lang='lat' dir='ltr'>bisulcum</span> <span class='ocrx_word' id='word_1_263' title='bbox 770 3223 818 3263; x_wconf 88' lang='lat' dir='ltr'>est.</span> <span class='ocrx_word' id='word_1_264' title='bbox 826 3213 882 3263; x_wconf 89' lang='lat' dir='ltr'>Hac</span> <span class='ocrx_word' id='word_1_265' title='bbox 924 3211 988 3264; x_wconf 86' lang='lat' dir='ltr'>latas</span> <span class='ocrx_word' id='word_1_266' title='bbox 996 3231 1090 3265; x_wconf 84' lang='lat' dir='ltr'>messes</span> <span class='ocrx_word' id='word_1_267' title='bbox 1100 3213 1128 3264; x_wconf 93' lang='lat' dir='ltr'>in</span> <span class='ocrx_word' id='word_1_268' title='bbox 1136 3215 1242 3266; x_wconf 83' lang='lat' dir='ltr'>Essexia</span> <span class='ocrx_word' id='word_1_269' title='bbox 1255 3215 1359 3284; x_wconf 74' lang='lat' dir='ltr'>Anglire</span> <span class='ocrx_word' id='word_1_270' title='bbox 1372 3233 1436 3285; x_wconf 87' lang='lat' dir='ltr'>pro·</span> 
     </span>
     <span class='ocr_line' id='line_1_30' title="bbox 372 3289 1434 3365; baseline 0.004 -22"><span class='ocrx_word' id='word_1_271' title='bbox 372 3291 455 3362; x_wconf 82' lang='lat' dir='ltr'>igitur</span> <span class='ocrx_word' id='word_1_272' title='bbox 461 3303 582 3354; x_wconf 82' lang='lat' dir='ltr'>causa,et</span> <span class='ocrx_word' id='word_1_273' title='bbox 589 3309 672 3342; x_wconf 91' lang='lat' dir='ltr'>unum</span> <span class='ocrx_word' id='word_1_274' title='bbox 680 3291 759 3359; x_wconf 84' lang='lat' dir='ltr'>parit,</span> <span class='ocrx_word' id='word_1_275' title='bbox 770 3303 795 3342; x_wconf 87' lang='lat' dir='ltr'>et</span> <span class='ocrx_word' id='word_1_276' title='bbox 806 3289 883 3356; x_wconf 81' lang='lat' dir='ltr'>duos,</span> <span class='ocrx_word' id='word_1_277' title='bbox 925 3290 1027 3356; x_wconf 84' lang='lat' dir='ltr'>vincia,</span> <span class='ocrx_word' id='word_1_278' title='bbox 1041 3310 1109 3343; x_wconf 83' lang='lat' dir='ltr'>anno</span> <span class='ocrx_word' id='word_1_279' title='bbox 1129 3291 1215 3359; x_wconf 80' lang='lat'>1580,</span> <span class='ocrx_word' id='word_1_280' title='bbox 1226 3292 1375 3365; x_wconf 87' lang='lat' dir='ltr'>iterumque</span> <span class='ocrx_word' id='word_1_281' title='bbox 1386 3313 1434 3347; x_wconf 87' lang='lat' dir='ltr'>au·</span> 
     </span>
     <span class='ocr_line' id='line_1_31' title="bbox 373 3369 1167 3440; baseline 0.003 -18"><span class='ocrx_word' id='word_1_282' title='bbox 373 3384 411 3437; x_wconf 88' lang='lat' dir='ltr'>et,</span> <span class='ocrx_word' id='word_1_283' title='bbox 421 3369 494 3440; x_wconf 91' lang='lat' dir='ltr'>quod</span> <span class='ocrx_word' id='word_1_284' title='bbox 504 3369 661 3440; x_wconf 87' lang='lat' dir='ltr'>plurimum,</span> <span class='ocrx_word' id='word_1_285' title='bbox 669 3370 789 3422; x_wconf 83' lang='lat' dir='ltr'>multos.»</span> <span class='ocrx_word' id='word_1_286' title='bbox 802 3371 883 3423; x_wconf 83' lang='lat' dir='ltr'>Pmr.</span> <span class='ocrx_word' id='word_1_287' title='bbox 925 3389 961 3422; x_wconf 90' lang='lat' dir='ltr'>uo</span> <span class='ocrx_word' id='word_1_288' title='bbox 979 3373 1062 3432; x_wconf 74' lang='lat'>1648.</span> <span class='ocrx_word' id='word_1_289' title='bbox 1076 3371 1167 3424; x_wconf 71' lang='lat' dir='ltr'>Hune.</span> 
     </span>
    </p>

    <p class='ocr_par' dir='ltr' id='par_1_7' title="bbox 373 3448 1439 4156">
     <span class='ocr_line' id='line_1_32' title="bbox 412 3448 1393 3523; baseline 0.006 -24"><span class='ocrx_word' id='word_1_290' title='bbox 412 3448 549 3501; x_wconf 80' lang='lat' dir='ltr'>LXXXV.</span> <span class='ocrx_word' id='word_1_291' title='bbox 566 3465 588 3500; x_wconf 91' lang='lat'>1.</span> <span class='ocrx_word' id='word_1_292' title='bbox 598 3448 675 3518; x_wconf 82' lang='lat' dir='ltr'>Super</span> <span class='ocrx_word' id='word_1_293' title='bbox 685 3463 769 3502; x_wconf 86' lang='lat' dir='ltr'>cuncta</span> <span class='ocrx_word' id='word_1_294' title='bbox 782 3462 817 3500; x_wconf 84' lang='lat' dir='ltr'>est</span> <span class='ocrx_word' id='word_1_295' title='bbox 830 3470 881 3501; x_wconf 84' lang='lat' dir='ltr'>mu·</span> <span class='ocrx_word' id='word_1_296' title='bbox 966 3454 992 3501; x_wconf 86' lang='lat'>6.</span> <span class='ocrx_word' id='word_1_297' title='bbox 1008 3451 1037 3503; x_wconf 83' lang='lat' dir='ltr'>ln</span> <span class='ocrx_word' id='word_1_298' title='bbox 1051 3451 1143 3521; x_wconf 80' lang='lat' dir='ltr'>quibus.</span> <span class='ocrx_word' id='word_1_299' title='bbox 1152 3451 1231 3504; x_wconf 74' lang='lat' dir='ltr'>Arist.</span> <span class='ocrx_word' id='word_1_300' title='bbox 1243 3471 1270 3522; x_wconf 91' lang='lat' dir='ltr'>p.</span> <span class='ocrx_word' id='word_1_301' title='bbox 1283 3454 1349 3523; x_wconf 86' lang='lat'><strong>787.</strong></span> <span class='ocrx_word' id='word_1_302' title='bbox 1359 3452 1393 3505; x_wconf 83' lang='lat' dir='ltr'>H.</span> 
     </span>
     <span class='ocr_line' id='line_1_33' title="bbox 373 3527 1436 3604; baseline 0.004 -24"><span class='ocrx_word' id='word_1_303' title='bbox 373 3532 434 3580; x_wconf 87' lang='lat' dir='ltr'>rium</span> <span class='ocrx_word' id='word_1_304' title='bbox 447 3530 522 3595; x_wconf 84' lang='lat' dir='ltr'>setus.</span> <span class='ocrx_word' id='word_1_305' title='bbox 541 3527 813 3582; x_wconf 75' lang='lat' dir='ltr'>Muressalacissimos</span> <span class='ocrx_word' id='word_1_306' title='bbox 828 3548 883 3582; x_wconf 84' lang='lat' dir='ltr'>esse</span> <span class='ocrx_word' id='word_1_307' title='bbox 966 3548 992 3598; x_wconf 88' lang='lat'>7.</span> <span class='ocrx_word' id='word_1_308' title='bbox 1008 3529 1139 3583; x_wconf 77' lang='lat' dir='ltr'>Proventus</span> <span class='ocrx_word' id='word_1_309' title='bbox 1157 3550 1245 3584; x_wconf 87' lang='lat' dir='ltr'>eorum.</span> <span class='ocrx_word' id='word_1_310' title='bbox 1257 3532 1436 3604; x_wconf 79' lang='lat' dir='ltr'>Thoophrnst.</span> 
     </span>
     <span class='ocr_line' id='line_1_34' title="bbox 373 3606 1437 3684; baseline 0.002 -22"><span class='ocrx_word' id='word_1_311' title='bbox 373 3607 508 3673; x_wconf 85' lang='lat' dir='ltr'>AElianus,</span> <span class='ocrx_word' id='word_1_312' title='bbox 523 3606 556 3659; x_wconf 85' lang='lat' dir='ltr'>de</span> <span class='ocrx_word' id='word_1_313' title='bbox 567 3607 745 3671; x_wconf 74' lang='lat' dir='ltr'>Animalibus,</span> <span class='ocrx_word' id='word_1_314' title='bbox 757 3609 805 3662; x_wconf 94' lang='lat' dir='ltr'>lib.</span> <span class='ocrx_word' id='word_1_315' title='bbox 818 3609 883 3675; x_wconf 83' lang='lat' dir='ltr'>xlt,</span> <span class='ocrx_word' id='word_1_316' title='bbox 925 3608 952 3660; x_wconf 90' lang='lat' dir='ltr'>in</span> <span class='ocrx_word' id='word_1_317' title='bbox 979 3608 1117 3680; x_wconf 83' lang='lat' dir='ltr'>fragment.</span> <span class='ocrx_word' id='word_1_318' title='bbox 1135 3609 1168 3663; x_wconf 90' lang='lat' dir='ltr'>de</span> <span class='ocrx_word' id='word_1_319' title='bbox 1188 3609 1357 3664; x_wconf 82' lang='lat' dir='ltr'>Animalibus</span> <span class='ocrx_word' id='word_1_320' title='bbox 1376 3631 1437 3684; x_wconf 78' lang='lat' dir='ltr'>quae</span> 
     </span>
     <span class='ocr_line' id='line_1_35' title="bbox 374 3687 1437 3762; baseline 0.003 -22"><span class='ocrx_word' id='word_1_321' title='bbox 374 3687 505 3751; x_wconf 89' lang='lat' dir='ltr'>ostendit,</span> <span class='ocrx_word' id='word_1_322' title='bbox 525 3687 608 3740; x_wconf 84' lang='lat' dir='ltr'>citatis</span> <span class='ocrx_word' id='word_1_323' title='bbox 622 3687 710 3739; x_wconf 86' lang='lat' dir='ltr'>multis</span> <span class='ocrx_word' id='word_1_324' title='bbox 725 3689 883 3759; x_wconf 87' lang='lat' dir='ltr'>scriptorum</span> <span class='ocrx_word' id='word_1_325' title='bbox 925 3701 1034 3759; x_wconf 85' lang='lat' dir='ltr'>repente</span> <span class='ocrx_word' id='word_1_326' title='bbox 1049 3702 1197 3761; x_wconf 80' lang='lat' dir='ltr'>apparent:</span> <span class='ocrx_word' id='word_1_327' title='bbox 1217 3716 1228 3737; x_wconf 83' lang='grc' dir='ltr'>ι</span> <span class='ocrx_word' id='word_1_328' title='bbox 1238 3691 1379 3762; x_wconf 75' lang='lat' dir='ltr'>squalido,</span> <span class='ocrx_word' id='word_1_329' title='bbox 1395 3692 1437 3743; x_wconf 90' lang='lat' dir='ltr'>in·</span> 
     </span>
     <span class='ocr_line' id='line_1_36' title="bbox 374 3765 1437 3841; baseline 0.003 -21"><span class='ocrx_word' id='word_1_330' title='bbox 374 3767 448 3821; x_wconf 83' lang='lat' dir='ltr'>loeis.</span> <span class='ocrx_word' id='word_1_331' title='bbox 459 3765 525 3820; x_wconf 93' lang='lat' dir='ltr'>Inde</span> <span class='ocrx_word' id='word_1_332' title='bbox 546 3768 647 3820; x_wconf 77' lang='lat' dir='ltr'>Carum</span> <span class='ocrx_word' id='word_1_333' title='bbox 667 3767 800 3820; x_wconf 90' lang='lat' dir='ltr'>murinum</span> <span class='ocrx_word' id='word_1_334' title='bbox 818 3768 883 3838; x_wconf 89' lang='lat' dir='ltr'>Epi·</span> <span class='ocrx_word' id='word_1_335' title='bbox 926 3769 997 3838; x_wconf 88' lang='lat' dir='ltr'>quit,</span> <span class='ocrx_word' id='word_1_336' title='bbox 1010 3787 1069 3820; x_wconf 82' lang='lat' dir='ltr'>aere</span> <span class='ocrx_word' id='word_1_337' title='bbox 1080 3770 1168 3839; x_wconf 90' lang='lat' dir='ltr'>potius</span> <span class='ocrx_word' id='word_1_338' title='bbox 1184 3788 1263 3840; x_wconf 84' lang='lat' dir='ltr'>quam</span> <span class='ocrx_word' id='word_1_339' title='bbox 1274 3772 1365 3841; x_wconf 79' lang='lat' dir='ltr'>pluvio</span> <span class='ocrx_word' id='word_1_340' title='bbox 1377 3791 1437 3823; x_wconf 92' lang='lat' dir='ltr'>mu·</span> 
     </span>
     <span class='ocr_line' id='line_1_37' title="bbox 374 3845 1438 3904; baseline 0.005 -5"><span class='ocrx_word' id='word_1_341' title='bbox 374 3847 440 3900; x_wconf 84' lang='lat' dir='ltr'>crati</span> <span class='ocrx_word' id='word_1_342' title='bbox 463 3845 497 3900; x_wconf 89' lang='lat' dir='ltr'>de</span> <span class='ocrx_word' id='word_1_343' title='bbox 522 3845 736 3899; x_wconf 77' lang='lat' dir='ltr'>libidinosissima</span> <span class='ocrx_word' id='word_1_344' title='bbox 762 3847 882 3900; x_wconf 87' lang='lat' dir='ltr'>muliere.</span> <span class='ocrx_word' id='word_1_345' title='bbox 925 3848 1011 3900; x_wconf 89' lang='lat' dir='ltr'>resin</span> <span class='ocrx_word' id='word_1_346' title='bbox 1034 3849 1101 3900; x_wconf 82' lang='lat' dir='ltr'>arvis</span> <span class='ocrx_word' id='word_1_347' title='bbox 1122 3863 1285 3902; x_wconf 87' lang='lat' dir='ltr'>nascuntur:</span> <span class='ocrx_word' id='word_1_348' title='bbox 1303 3849 1438 3904; x_wconf 81' lang='lat' dir='ltr'>lreduntur</span> 
     </span>
     <span class='ocr_line' id='line_1_38' title="bbox 374 3927 1438 4000; baseline 0.002 -21"><span class='ocrx_word' id='word_1_349' title='bbox 374 3927 488 3981; x_wconf 71' lang='lat' dir='ltr'>martial,</span> <span class='ocrx_word' id='word_1_350' title='bbox 511 3927 597 3980; x_wconf 82' lang='lat' dir='ltr'>«Nam</span> <span class='ocrx_word' id='word_1_351' title='bbox 611 3943 692 3996; x_wconf 83' lang='lat' dir='ltr'>quum</span> <span class='ocrx_word' id='word_1_352' title='bbox 712 3945 755 3978; x_wconf 90' lang='lat' dir='ltr'>me</span> <span class='ocrx_word' id='word_1_353' title='bbox 765 3946 883 3992; x_wconf 85' lang='lat' dir='ltr'>murem,</span> <span class='ocrx_word' id='word_1_354' title='bbox 925 3927 1073 3979; x_wconf 86' lang='lat' dir='ltr'>imbribus:</span> <span class='ocrx_word' id='word_1_355' title='bbox 1086 3953 1098 3974; x_wconf 79' lang='grc' dir='ltr'>ι</span> <span class='ocrx_word' id='word_1_356' title='bbox 1115 3931 1137 3981; x_wconf 75' lang='grc' dir='ltr'>ἐν</span> <span class='ocrx_word' id='word_1_357' title='bbox 1151 3931 1201 3988; x_wconf 81' lang='grc' dir='ltr'><strong>τοῖς</strong></span> <span class='ocrx_word' id='word_1_358' title='bbox 1216 3931 1317 4000; x_wconf 78' lang='grc' dir='ltr'><strong>αὐχμοῖς</strong></span> <span class='ocrx_word' id='word_1_359' title='bbox 1333 3933 1438 4000; x_wconf 76' lang='grc' dir='ltr'>μᾶλλον,</span> 
     </span>
     <span class='ocr_line' id='line_1_39' title="bbox 375 4003 1439 4081; baseline 0.002 -22"><span class='ocrx_word' id='word_1_360' title='bbox 375 4025 459 4077; x_wconf 88' lang='lat' dir='ltr'>quum</span> <span class='ocrx_word' id='word_1_361' title='bbox 472 4025 515 4060; x_wconf 87' lang='lat' dir='ltr'>me</span> <span class='ocrx_word' id='word_1_362' title='bbox 528 4019 572 4059; x_wconf 88' lang='lat' dir='ltr'>tua</span> <span class='ocrx_word' id='word_1_363' title='bbox 582 4005 684 4058; x_wconf 84' lang='lat' dir='ltr'>lumina</span> <span class='ocrx_word' id='word_1_364' title='bbox 695 4003 788 4059; x_wconf 79' lang='lat' dir='ltr'>dicis·</span> <span class='ocrx_word' id='word_1_365' title='bbox 804 4008 882 4060; x_wconf 87' lang='lat' dir='ltr'>Polit.</span> <span class='ocrx_word' id='word_1_366' title='bbox 924 4008 940 4062; x_wconf 81' lang='grc' dir='ltr'><strong>ἢ</strong></span> <span class='ocrx_word' id='word_1_367' title='bbox 957 4009 980 4058; x_wconf 71' lang='lat' dir='ltr'>la</span> <span class='ocrx_word' id='word_1_368' title='bbox 991 4009 1046 4067; x_wconf 69' lang='grc' dir='ltr'>ταῖς</span> <span class='ocrx_word' id='word_1_369' title='bbox 1057 4006 1326 4080; x_wconf 49' lang='lat' dir='ltr'>insudante-aretium</span> <span class='ocrx_word' id='word_1_370' title='bbox 1335 4009 1383 4081; x_wconf 75' lang='grc' dir='ltr'>γὰρ</span> <span class='ocrx_word' id='word_1_371' title='bbox 1396 4011 1439 4061; x_wconf 81' lang='grc' dir='ltr'>αὺ-</span> 
     </span>
     <span class='ocr_line' id='line_1_40' title="bbox 375 4081 1236 4156; baseline 0 -15"><span class='ocrx_word' id='word_1_372' title='bbox 375 4087 519 4142; x_wconf 83' lang='lat' dir='ltr'>Miscellan.</span> <span class='ocrx_word' id='word_1_373' title='bbox 529 4104 587 4156; x_wconf 87' lang='lat' dir='ltr'>cap.</span> <span class='ocrx_word' id='word_1_374' title='bbox 604 4089 649 4154; x_wconf 85' lang='lat'>96.</span> <span class='ocrx_word' id='word_1_375' title='bbox 661 4086 762 4138; x_wconf 76' lang='lat' dir='ltr'>Darne.</span> <span class='ocrx_word' id='word_1_376' title='bbox 926 4089 976 4148; x_wconf 82' lang='grc' dir='ltr'><strong>τοῖς</strong></span> <span class='ocrx_word' id='word_1_377' title='bbox 990 4087 1025 4139; x_wconf 82' lang='grc' dir='ltr'>τὰ</span> <span class='ocrx_word' id='word_1_378' title='bbox 1038 4081 1132 4141; x_wconf 68' lang='grc' dir='ltr'>ὕδατα.</span> <span class='ocrx_word' id='word_1_379' title='bbox 1147 4087 1236 4142; x_wconf 68' lang='lat' dir='ltr'>Hono.</span> 
     </span>
    </p>
   </div>
   <div class='ocr_carea' id='block_1_4' title="bbox 0 0 1610 5159">
    <p class='ocr_par' dir='ltr' id='par_1_8' title="bbox 0 0 1610 5159">
     <span class='ocr_line' id='line_1_41' title="bbox 0 0 1610 5159; baseline 0 0"><span class='ocrx_word' id='word_1_380' title='bbox 0 0 1610 5159; x_wconf 95' lang='lat' dir='ltr'> </span> 
     </span>
    </p>
   </div>
  </div>
 </body>
</html>
