3200 5159
566 537 721 605 sinna
744 533 809 603 xr.
1155 533 1222 634 587

136 657 272 740 etiam³
305 667 433 741 calculo
459 671 608 740 humano
641 667 786 739 remedia
822 660 999 763 precipua.
1024 672 1114 740 Urso
1141 696 1223 765 quo-

136 765 228 872 que⁴
240 777 342 848 simui
362 791 460 872 atque
475 777 706 872 exspiraverit,
721 799 916 846 cornescere
928 778 1029 845 aiunt
1039 765 1224 848 Camelino⁵

137 907 253 954 arcus
269 883 458 968 intendere,
475 883 622 953 Orientis
637 880 768 978 populis
781 881 986 952 fidissimum.
999 881 1071 952 Nec
1085 909 1153 954 non
1169 884 1225 953 ali-

138 1013 216 1085 qua
247 993 398 1087 gentium
422 974 574 1085 quoque⁶
599 989 635 1058 iu
658 989 725 1059 hoc
756 987 967 1074 discrimina,
992 1002 1027 1058 et
1054 1015 1224 1062 sacrorum

140 1097 365 1185 etiam‚citra
379 1097 557 1192 perniciem
571 1095 821 1191 amputantibus
835 1095 954 1165 Matris
968 1097 1097 1166 Denm⁷
1111 1097 1225 1168 Gallis.

141 1203 287 1274 Contra
315 1201 491 1274 mulierum
515 1202 629 1298 paucis
661 1201 852 1298 prodigiosa
880 1190 1087 1273 assimilatio⁸
1108 1223 1117 1267 ε
1142 1203 1227 1274 sicut
1247 1235 1261 1267 ι

144 1307 469 1405 hermaphroditis⁹
495 1311 666 1402 utriusque
691 1333 788 1378 sexus
809 1329 818 1373 t
839 1308 931 1404 quod
952 1310 1051 1379 etiam
1078 1308 1227 1404 quadru-

144 1417 283 1512 pedum
302 1417 416 1511 generi
432 1415 591 1486 accidisse
612 1415 756 1484 Neronis
773 1416 962 1510 principatu
979 1417 1124 1510 primum
1141 1417 1228 1486 arbi·

147 1535 242 1593 tror-
259 1523 457 1594 Osmnnhat
468 1523 558 1592 certe
568 1521 859 1617 hermaphroditas
867 1522 1059 1616 subjunctas
1069 1537 1229 1618 carpento

148 1757 261 1816 animal
273 1761 437 1824 medicinale,
449 1772 478 1814 nt
488 1759 674 1832 dictant.Virga
752 1762 873 1833 pilotria
884 1767 961 1813 Deum
971 1763 1058 1815 Gallis.
1068 1763 1110 1816 De
1117 1761 1169 1814 hoc
1177 1761 1230 1816 ritu

149 1842 231 1896 enirn
244 1841 349 1896 furonis
361 1842 473 1896 masculi
486 1840 672 1914 magnentili·
717 1840 815 1894 iterum
833 1841 902 1893 libro
917 1841 1035 1908 XXXV,
1057 1859 1117 1914 cap.
1137 1846 1178 1905 46.
1195 1841 1230 1894 ΙΙ.

150 1922 216 1976 tatis
230 1933 272 1976 est
283 1922 376 1995 eisqui
389 1922 529 1995 patiuntur
538 1922 566 1974 in
578 1920 675 1983 vesica,
718 1947 754 1962 ι·
765 1923 973 1990 Cirraperrriciem
984 1919 1229 1990 amputantibus.'l'e·

151 2014 181 2055 et
194 2002 238 2054 eis
250 2001 296 2074 qni
305 2003 426 2074 guttatim
443 2012 468 2055 et
481 2019 543 2055 cuns
556 1999 673 2054 difficnl·
718 2011 758 2054 sta
766 1999 856 2053 Samia
864 2040 872 2063 ,
881 1999 951 2054 inira
963 2000 1010 2053 lib.
1021 2000 1153 2066 XXXIX,
1173 2019 1229 2074 cap.

152 2093 212 2135 tate
218 2081 357 2154 stringunt,
367 2082 388 2136 si
394 2091 492 2135 teratur
501 2099 534 2135 ex
540 2099 573 2134 eo
585 2079 675 2143 cuch,
722 2099 765 2140 sa,
775 2081 827 2132 sub
840 2079 931 2132 linem.
939 2082 1057 2131 Pmcisos
1068 2080 1103 2132 ob
1116 2077 1143 2131 id
1152 2092 1231 2133 vocat

151 2171 237 2216 etc-¹·
251 2159 365 2218 Essem
377 2159 676 2215 medicaminaeircula-
718 2157 887 2233 Lampridius
906 2159 934 2212 in
957 2159 1147 2232 Heliogabalo:
1165 2159 1231 2212 «Ja-

153 2240 224 2295 toria
235 2251 284 2294 ant
294 2257 368 2302 anus,
376 2240 466 2314 potina
478 2257 557 2313 quam
570 2249 677 2292 natura·
719 2239 799 2295 ctavit
816 2252 904 2293 antem
921 2251 1002 2312 capnt
1016 2237 1086 2291 inter
1104 2237 1231 2311 praecisos

154 2320 228 2374 lium
240 2337 332 2374 rerum
341 2320 419 2392 periti
429 2339 493 2387 esre,
503 2337 613 2374 monere
622 2337 677 2372 non
720 2320 893 2386 lanaticoa,et
901 2318 1081 2391 genitaliasibi
1090 2317 1229 2372 devinxit.-

154 2399 342 2474 necessarinm
352 2413 399 2452 est.
412 2399 501 2454 Hsan.
521 2411 547 2454 et
560 2403 607 2453 Ar.
719 2400 846 2454 Sciebant
857 2417 939 2470 porro
952 2399 990 2451 illi
1002 2395 1111 2452 fanatici
1125 2409 1150 2450 et
1158 2398 1229 2470 lym·

194 2479 221 2532 3.
237 2481 311 2530 Unde
318 2482 401 2531 etiam
412 2481 481 2534 Rasa
490 2480 605 2552 tritaque
613 2481 677 2536 iari-
719 2477 811 2551 phati,
824 2478 897 2531 velut
910 2477 1004 2531 divino
1016 2477 1113 2549 spiritu
1132 2475 1228 2541 afflati,

154 2557 203 2622 3ος
230 2558 374 2630 genitalia,
405 2575 462 2612 esse
492 2558 676 2613 laborantibus
720 2569 747 2611 et
769 2570 837 2612 aestu
854 2555 970 2629 quodam
996 2557 1095 2609 mentis
1119 2555 1231 2629 perciti,

154 2640 245 2692 nrinre
264 2636 421 2693 difficultate
436 2639 602 2703 remedium,
617 2657 679 2710 pro·
720 2637 829 2708 vagari,
843 2651 924 2710 caput
932 2639 1046 2711 jactare,
1055 2649 1233 2710 contorquere

155 2717 231 2772 didit
257 2717 390 2772 Aristotel.
418 2717 487 2771 Hiar.
519 2717 678 2772 animalium
720 2715 849 2770 lencilino
860 2729 886 2770 et
903 2715 1006 2771 flectere
1020 2714 1229 2770 furibundorum

156 2798 207 2851 lib.
218 2797 281 2859 IX,
301 2815 360 2869 cap.
376 2814 410 2864 9,
431 2815 491 2868 pag.
508 2813 584 2865 ¹¹²7·
599 2797 680 2848 ltern-
721 2795 826 2868 specie,
837 2795 988 2850 virilitatem
1000 2807 1152 2868 amputare,
1167 2793 1233 2849 vati-

156 2896 213 2950 que
234 2887 331 2930 auctor
353 2875 415 2928 iibri
437 2876 533 2929 Mirab.
557 2876 678 2929 Auscult.
721 2874 827 2930 cinaris
847 2893 923 2947 quse,
943 2888 975 2930 nt
998 2875 1154 2929 Plutarchus
1172 2876 1233 2929 ait:

158 2953 421 3030 pag.115t.flann.
721 2962 802 3030 μανία.
814 2955 844 3016 ἦν
859 2965 909 3012 τῶν
930 2959 1069 3030 ipssopt'soss
1088 2959 1130 3011 cira
1153 2959 1235 3030 ῥιψαὺ·

196 3045 223 3102 4.
248 3041 311 3088 Urso
335 3055 440 3104 quoque.
461 3034 548 3089 Etiam
577 3035 679 3090 viventi
720 3061 772 3109 χινι
786 3041 873 3112 κλόνῳ.
888 3036 1013 3092 Lucanus
1034 3051 1041 3088 t
1063 3036 1235 3108 «crinemque

158 3135 273 3172 osseum
288 3112 505 3178 siclinienses,
521 3128 551 3169 ut
563 3127 588 3171 et
600 3117 680 3188 lupo,
722 3129 840 3172 rotantes
858 3115 1002 3188 sanguinei
1016 3115 1122 3188 populis
1132 3115 1236 3169 cecine-

159 3198 263 3256 aciuro,
273 3193 401 3257 mustelis,
417 3196 485 3259 cani,
497 3195 609 3268 aliisque
619 3196 679 3267 qui·
721 3210 785 3251 runt
800 3197 886 3252 tristia
899 3196 978 3251 Galli.
988 3222 1000 3243 ι
1014 3194 1181 3263 Brissouius,
1195 3197 1234 3260 ΙΙ,

160 3277 213 3330 bns
226 3293 260 3328 oa
273 3275 341 3327 inest
359 3274 387 3326 in
407 3285 524 3328 extremo
542 3293 589 3339 eo,
604 3275 680 3328 aiunt
722 3277 834 3352 capri.
848 3277 916 3331 Dar..

161 3353 307 3409 anatomici
315 3354 482 3418 recentiores,
489 3355 515 3407 in
523 3355 680 3409 Anatomica
758 3360 782 3412 8.
793 3359 938 3428 Prodigiosa
948 3359 1104 3409 assimilatio.
1115 3351 1157 3408 ad
1166 3351 1237 3408 simi-

162 3433 351 3505 Descriptione
360 3434 501 3508 ursi,pag.
513 3453 557 3506 97.
570 3435 659 3489 Hann.
722 3437 865 3494 litudinem
887 3437 944 3491 tere
961 3432 1071 3491 masculi
1098 3433 1236 3508 genitalis,

202 3515 228 3570 5.
251 3515 389 3567 Camerino.
410 3514 576 3569 Aristotelicc
594 3515 680 3568 oratio
723 3517 895 3592 productiore
925 3516 1060 3591 nympha,
1081 3515 1115 3570 ad
1141 3515 1236 3576 binos,

164 3594 283 3668 plution
295 3593 363 3647 ffissi·
376 3595 465 3647 Anim-
479 3594 526 3648 lib·
534 3595 571 3659 V,
582 3612 642 3668 ΜΡ-
655 3611 679 3658 ².
723 3610 845 3653 ternosve
858 3595 971 3669 digitos,
985 3595 1024 3649 uti
1036 3595 1181 3652 Sennertus
1195 3610 1238 3646 ex·

165 3692 226 3748 pag.
241 3672 302 3735 5211.
314 3672 414 3726 Cameli
428 3671 541 3744 genitale
550 3671 681 3747 ejusmodi
724 3678 823 3752 plicat,
841 3678 966 3732 Praeticas
978 3677 1025 3731 lib.
1039 3677 1103 3741 111,
1123 3685 1190 3748 part.
1205 3692 1237 3741 9,

165 3753 244 3806 uersi
256 3763 350 3805 natura
360 3763 477 3819 constat,
495 3763 525 3806 ut
545 3753 625 3806 etiam
645 3751 681 3807 ad
723 3777 782 3830 cap.
797 3757 838 3821 13,
851 3776 880 3829 p.
891 3757 953 3829 607.
967 3756 1000 3810 Η.
1008 3787 1043 3797 -
1054 3760 1144 3807 &ntra
1157 3755 1240 3804 mulie·

166 3847 246 3885 arens
263 3849 342 3886 utum
360 3848 410 3902 pro
428 3829 548 3886 funiculo
566 3829 681 3904 interpo-
724 3857 777 3890 rum
785 3841 894 3908 paucis,
913 3849 962 3892 etc.
973 3841 1033 3898 Ταῖς
1051 3835 1163 3907 τριῧᾶσι,
1180 3849 1239 3904 quae

167 3911 234 3966 ¹²⁰¹·
245 3923 278 3974 Ti
286 3915 413 3978 ttrttato
422 3923 472 3990 Ιχιι
484 3923 496 3975 i
508 3921 616 3993 arpen,
626 3941 680 3977 νιυ.
724 3915 919 3990 tentiginem-in
928 3930 1031 3969 summa
1039 3913 1116 3966 vulva
1125 3911 1240 3965 marium

169 3990 248 4064 ρῶὃις
259 3999 346 4066 οὕτως,
358 4009 409 4054 etc.
422 3999 512 4054 llaan.
727 3993 853 4070 pudendo
862 3995 976 4051 similem
990 3994 1098 4047 habent.
1114 3993 1179 4044 Das.

197 4080 354 4155 'melum
366 4077 683 4148 quoquattrtudaomm,
763 4095 788 4148 9.
800 4077 1017 4146 Hemopirrodin's.
1031 4075 1071 4127 De
1081 4073 1124 4127 iris
1138 4072 1241 4145 egimus

204 4150 206 4155 ’
372 4157 633 4214 Mahometanornm.
650 4159 683 4214 ΙΙ.
729 4157 1003 4231 iihroaeptimo,cap.
1019 4153 1144 4208 dliaan.
