3200 5159
566 534 727 603 ntuna
760 536 830 603 tx.
1185 567 1237 651 29

155 670 239 739 fossa
249 653 272 697 ¹⁴
291 680 389 735 extra
415 690 542 761 aquas,
560 680 616 753 et,
638 679 798 762 cooperta
818 680 926 753 terra,
947 690 987 736 ac
1009 656 1154 762 pavita¹⁵
1175 698 1234 767 pe·

154 791 244 847 ctore
262 788 297 843 et
317 773 549 870 complanata,
577 772 739 843 incubant
752 774 918 843 noctibus.
935 762 1127 845 Educunt¹⁶
1144 778 1232 851 fetus

153 906 263 951 annuo
285 882 405 977 spatio.
447 881 593 970 Quidam
618 879 722 950 oculis
745 879 995 976 spectandoque
1024 907 1090 951 ova
1124 885 1231 957 foveri

153 989 194 1058 ab
212 991 249 1059 iis
267 1003 392 1084 putant
411 1015 418 1058 :
440 986 609 1058 feminas¹⁷
625 989 751 1057 coitum
770 988 903 1083 sugere,
918 986 1026 1058 donec
1041 1015 1113 1060 mas
1131 992 1232 1064 festu·

152 1120 223 1166 cam
241 1094 391 1191 aliquam
414 1097 565 1192 imponat
579 1118 711 1165 aversae.
730 1094 942 1190 Troglodytae
960 1099 1150 1192 cornigeras
1167 1103 1230 1171 ha·

151 1204 246 1289 bent,
270 1218 311 1272 ut
330 1206 364 1273 in
376 1203 466 1299 lyra,
488 1204 625 1277 annexis
643 1203 802 1272 cornibus
817 1202 907 1287 latis,
928 1201 988 1273 sed
1003 1204 1181 1278 mobilibus
1194 1198 1231 1298 ¹⁸,

151 1335 293 1405 quorum
314 1312 350 1379 in
371 1311 519 1382 natando
537 1312 678 1406 remigio
694 1334 729 1379 se
748 1310 930 1404 adjuvant:
950 1309 1103 1406 Chelyon
1121 1315 1155 1383 id
1169 1340 1230 1386 vo·

151 1416 421 1507 catur¹⁹,exi1niae
439 1419 625 1506 testudinis,
638 1417 695 1487 sed
714 1442 811 1487 rarae:
822 1440 967 1513 namque
981 1418 1136 1514 scopuli²⁰
1151 1448 1232 1519 prae.

1249 1161 1265 1219 i

185 1625 227 1683 14.
238 1624 330 1687 anue
343 1619 455 1688 dsfisssa.
468 1619 547 1673 Arist.
559 1618 670 1691 pariter,
714 1616 802 1682 tione,
824 1614 905 1669 docet
924 1617 1083 1673 Plutarchus
1098 1621 1167 1675 libro
1183 1626 1230 1681 ilio

150 1698 213 1751 Hist.
227 1700 320 1752 Anius.
340 1700 386 1753 lib.
402 1701 443 1768 V,
456 1719 515 1772 cap.
535 1701 589 1764 28,
608 1718 668 1770 pag.
713 1696 789 1749 toties
801 1695 930 1768 allegato,
943 1697 987 1750 his
1001 1700 1089 1753 verbis
1104 1719 1111 1753 :
1126 1728 1139 1747 α
1149 1704 1230 1769 Quod

151 1779 199 1840 634
213 1817 220 1840 ‚
233 1778 270 1831 de
282 1781 387 1833 marina
401 1780 510 1851 pariter,
520 1797 551 1833 ac
564 1791 668 1835 terrens
712 1787 798 1829 sutem
810 1776 864 1829 hoc
876 1776 1075 1846 admirabilius,
1086 1778 1155 1835 diem
1163 1803 1230 1855 qua-

149 1858 294 1913 testudine.
305 1860 399 1913 Hasn.
711 1856 1143 1928 dragesimumobservantes‚tot
1156 1866 1228 1919 enim

185 1940 226 1992 15.
238 1946 281 1991 Ac
292 1944 390 2009 pavita.
412 1945 487 1992 Terra
500 1942 605 2008 pavita,
625 1938 668 1993 rel
711 1936 806 1995 diebus
818 1952 1006 2009 excoquuntur
1019 1941 1228 2015 abrumpuntur-

150 2034 226 2081 serra,
251 2040 338 2089 eaque
357 2024 461 2089 pavita,
483 2019 608 2073 libentius
631 2020 668 2073 le-
711 2034 764 2087 que
778 2034 844 2080 ovs,
858 2015 961 2069 secedit
977 2018 1012 2071 nd
1030 2020 1137 2087 locum,
1151 2040 1229 2095 agno

150 2100 227 2169 gerim
244 2118 253 2153 ε
270 2112 343 2153 terra
360 2100 447 2161 enim,
463 2118 516 2153 non
536 2116 602 2162 ovs,
621 2116 667 2171 pa·
710 2112 843 2168 scenaque
874 2115 1041 2170 unaqueque
1076 2099 1227 2173 depositum

150 2180 215 2233 titur
223 2180 542 2253 testudinispectore‚sc
551 2179 666 2251 oompla·
710 2193 803 2239 sunm,
822 2187 853 2227 ut
873 2176 994 2229 solertius
1005 2180 1129 2250 nequiret
1146 2182 1227 2235 bomo

150 2272 233 2312 natur.
248 2260 345 2313 Hnn.
710 2254 779 2307 ullus
794 2254 853 2307 nuri
862 2254 1013 2327 depositum
1027 2276 1185 2331 agnoscere,
1201 2282 1228 2315 a.

183 2343 221 2393 16.
234 2345 361 2392 Educunt
370 2342 449 2410 setus.
470 2341 528 2393 Hoc
546 2350 606 2405 est,
621 2360 667 2394 ex·
708 2333 772 2388 ride
781 2348 960 2406 prompteque
972 2339 1086 2408 sperit.»
1100 2339 1178 2393 Ptrtr.

149 2418 267 2473 cludunt.
282 2420 357 2473 Editi
375 2421 503 2475 hactenus
521 2420 583 2473 libri
603 2438 666 2493 per·
749 2432 789 2485 17.
802 2418 1228 2493 Feminnscoinsmfiegers.0ppia·

149 2516 252 2570 penna,
274 2505 404 2569 educant,
425 2513 518 2554 eontra
542 2500 666 2554 codicum
709 2508 774 2557 ΠΜ,
789 2495 907 2548 Habent·
921 2495 967 2548 lib·
980 2498 1008 2558 Ι,
1020 2516 1045 2550 v·
1057 2501 1109 2553 522
1124 2516 1132 2551 e
1153 2503 1186 2554 At
1197 2501 1228 2554 dl

149 2578 216 2631 MSS.
228 2578 318 2633 fidem
337 2602 344 2633 ς
361 2592 455 2634 contra
473 2578 666 2652 Philosophum
709 2576 775 2647 μέγα
784 2577 927 2645 τρομέουσι,
949 2576 990 2629 καὶ
1001 2579 1136 2650 ἐχθαίρουσι
1146 2590 1226 2648 χελῶ-

148 2659 251 2730 ipsum,
276 2661 323 2732 qui
334 2672 424 2714 tamen
438 2660 489 2714 loo.
507 2660 553 2714 cit.
567 2660 620 2714 hon
632 2659 666 2714 de
708 2672 748 2705 tat
761 2643 795 2709 ὃν
807 2655 898 2727 γάμον·
909 2654 1004 2709 llsnn.

148 2740 263 2793 terrem-i
276 2739 494 2805 testudine‚n0n
508 2740 543 2793 de
562 2741 665 2793 murina
747 2735 787 2786 18.
810 2736 926 2786 Anneoet's
946 2739 1062 2787 comibus
1084 2740 1156 2799 laiss,
1183 2742 1230 2789 sed

147 2819 250 2872 mihis:
264 2818 474 2873 ωέπεςᾰιδὶςὰ
486 2820 664 2893 ὼὰτῷῦπίρῳ
708 2816 843 2865 mobilibus.
863 2814 915 2866 Pro
937 2815 1065 2867 cornibus
1084 2817 1129 2869 hic
1146 2820 1227 2873 sutici

149 2899 198 2950 ists.
211 2903 333 2967 Sequenti
343 2918 413 2951 anno
429 2918 476 2951 ova
489 2904 664 2953 exeluduntur.
708 2892 789 2965 pedet
801 2892 904 2964 θθῦθ-Ῥῑῖ
913 2930 921 2955 s
931 2894 978 2965 qssl
987 2895 1095 2966 quidem
1104 2896 1132 2949 ln
1144 2909 1227 2951 letiu-

148 2977 665 3051 Quidqnodneomsrinoeetiamtestu·
708 2972 817 3026 dinibus
840 2973 951 3026 marinis
977 2974 1069 3045 longi,
1098 2976 1178 3031 exiles
1200 2992 1228 3032 st

148 3058 211 3111 dinis
222 3078 275 3113 ovs
290 3071 348 3113 tam
356 3059 482 3114 diuturna
494 3058 665 3113 incubatione
707 3053 778 3107 scuti
791 3062 863 3106 sunt.
876 3053 997 3107 Cuvm.
1050 3066 1062 3089 ⁸

148 3156 233 3210 egere,
246 3138 300 3194 sed
313 3139 419 3193 dieram
438 3139 525 3192 solum
547 3138 664 3211 quadra·
746 3140 788 3203 1'9.
804 3137 911 3198 Chelyon
925 3137 954 3185 id
969 3136 1228 3209 vocaw.1mpressi

147 3220 228 3289 ginta,
237 3229 382 3273 auctorest
389 3219 561 3282 Plutarchus,
574 3220 620 3272 lib.
631 3220 665 3273 de
707 3214 768 3267 libri
781 3213 928 3277 exhibent,
942 3216 1042 3265 celsium
1053 3233 1135 3283 genus
1144 3220 1173 3267 id
1181 3238 1229 3269 vo.

147 3298 237 3352 Solert.
247 3298 368 3353 Animal.
379 3316 437 3371 pag.
446 3300 496 3367 982
507 3298 572 3368 (rid.
584 3298 664 3371 ini.);
707 3310 786 3348 ratur.
802 3292 855 3347 Sed
868 3314 919 3348 vox
934 3314 1014 3363 genus
1024 3295 1155 3366 glossema
1170 3311 1227 3362 est,

148 3378 264 3433 AElianus
276 3396 402 3452 qnoque,
414 3380 479 3432 Var.
492 3380 559 3433 Hist.
574 3380 619 3433 lib.
633 3382 664 3445 1,
708 3375 780 3449 qnod
791 3394 807 3427 a
817 3376 881 3446 neg.
897 3394 921 3440 ι,
933 3394 965 3438 s,
977 3375 1053 3429 Colb.
1068 3394 1089 3436 1,
1101 3396 1115 3429 s
1126 3415 1134 3441 ,
1144 3378 1226 3431 Paris.

148 3476 203 3531 esp.
217 3464 241 3513 6.
252 3460 350 3512 Haeo.
363 3460 469 3527 -Ego
487 3478 536 3531 pro
556 3464 665 3512 educant
706 3456 818 3527 aliisque
842 3454 952 3526 optimis
978 3454 1117 3510 codicibus
1141 3459 1225 3513 abest.

142 3540 205 3605 setus
218 3542 413 3608 abrumparis,
433 3558 529 3593 censeo
547 3540 664 3594 scriben·
706 3536 760 3588 Nos
775 3535 907 3587 sinceram
920 3534 1062 3587 lectionem
1081 3554 1113 3589 ex
1129 3537 1226 3592 iisdem

148 3616 209 3673 dnm
225 3637 303 3682 esse,
322 3624 432 3671 ducunt
439 3622 523 3688 setus,
543 3621 595 3673 hoc
613 3634 663 3686 est,
707 3622 841 3684 eruimus,
855 3625 958 3688 cleison
975 3625 1005 3674 t'd
1020 3638 1145 3676 vocam:
1159 3628 1226 3698 qnid

149 3704 283 3753 ereindunt
294 3738 302 3763 ‚
314 3718 371 3753 non
384 3704 501 3753 wisant.
512 3700 664 3754 Aristoteles
707 3705 791 3771 χίλυον
805 3702 856 3764 sit,
877 3703 933 3774 jam
951 3720 1010 3774 sup.
1023 3702 1142 3757 diximus
1155 3707 1225 3759 libro

148 3778 663 3849 loeoantedicto,Fetumqussequentem·
708 3782 765 3846 vl,
780 3798 840 3852 cap.
852 3780 895 3845 34.
911 3781 1001 3834 Hasta.

150 3878 179 3909 no
192 3864 313 3913 excludit.
325 3860 425 3915 Similis
442 3872 531 3913 utitem
546 3860 591 3913 hic
605 3860 664 3913 hal·
746 3878 787 3914 so.
797 3866 914 3928 Namque
921 3864 1023 3930 scopuli.
1036 3863 1130 3916 Rarius
1139 3866 1226 3919 visun

149 3938 273 3993 Inrinstio
288 3940 384 4013 priori.
399 3941 466 3993 Nam
482 3939 517 3993 de
530 3940 664 3995 testudine
708 3952 763 4006 tur,
788 3941 897 4013 inquit,
918 3941 966 3995 etsi
990 3942 1148 4013 pretiosiora
1173 3947 1227 4000 sint

149 4020 261 4073 terresui
270 4021 329 4073 hnc
339 4018 431 4073 scribit
439 4020 600 4087 Aristoteles,
609 4040 664 4074 non
708 4020 807 4075 harum
821 4020 1002 4085 testudinum,
1017 4040 1098 4095 qustn
1113 4038 1224 4077 reters-

149 4099 255 4153 msrine.
267 4100 329 4155 Ora
344 4098 416 4154 enim
430 4100 570 4154 testudinis
581 4102 664 4154 msm‘·
708 4120 769 4153 rnm
785 4102 951 4174 operimenta
972 4120 979 4153 :
1002 4102 1128 4174 quonism
1145 4122 1226 4175 prusa·

149 4195 187 4231 nn
198 4196 254 4255 non
266 4178 388 4252 indigere
397 4191 452 4233 tam
464 4180 541 4251 longa
555 4181 666 4236 incuba-
708 4194 786 4234 cutos
799 4182 869 4234 inter
878 4181 1004 4253 scopulos
1017 4192 1159 4267 cautesque
1169 4202 1227 4238 ver-
