3200 5159
350 506 424 580 302
608 506 647 574 c.
675 502 849 573 resurr
876 464 989 575 usr.
1016 505 1149 572 ursr.

347 624 498 714 reseunt³
515 637 606 712 edito
622 660 708 720 ovo,
725 639 962 730 excutiuntque
973 660 1061 723 sese,
1080 649 1116 706 et
1130 637 1340 710 circumsetis
1354 666 1415 736 pu·

307 794 309 804 ·
347 747 499 833 rifieent,
524 769 563 818 ec
581 743 708 816 festuca
725 741 837 838 aliqua
853 767 947 830 sese,
966 757 1000 812 et
1017 767 1082 812 ova
1109 741 1260 815 lustrent.
1285 741 1413 835 (xus.)

346 853 493 924 Minime
514 852 625 922 avium
654 837 851 922 cardueles⁴
883 852 1046 944 imperata
1073 849 1218 938 faciunt,
1247 874 1310 920 nec
1331 877 1414 922 voce

346 973 495 1042 tantum,
516 955 573 1028 sed
595 954 735 1051 pedibus
751 970 785 1025 et
802 975 861 1026 ore
881 981 944 1049 pro
961 954 1122 1024 manibus.
1137 959 1199 1025 Est
1219 982 1292 1051 quae
1310 957 1412 1028 boum

346 1066 490 1158 mugitus
510 1063 672 1148 imitatur,
693 1063 728 1130 in
750 1061 935 1135 Arelatensi
959 1085 1041 1157 agro
1067 1048 1201 1133 taurns⁵
1229 1061 1413 1158 appellata,

345 1170 466 1266 alioqui
477 1193 593 1265 ‚parve
608 1171 668 1237 Est
682 1193 755 1261 quae
769 1193 930 1262 equorum
942 1191 1075 1262 quoque
1090 1169 1256 1257 hinnitus,
1268 1157 1411 1241 anthus⁶

345 1280 497 1362 nomine,
511 1275 624 1344 herbas
639 1273 783 1369 pabulo⁷
799 1274 944 1344 adventu
960 1298 1076 1344 eorum
1095 1273 1190 1369 pulsa
1202 1277 1413 1365 imitatur,ad

344 1384 435 1453 hunc
459 1382 597 1452 modum
619 1405 654 1450 se
675 1379 835 1462 ulciscens
845 1366 866 1449 ⁸.
1481 1459 1484 1462 ⁴

311 1536 324 1571 ι
398 1492 523 1559 LVIII.
541 1490 651 1584 Super
669 1488 781 1557 omnia
805 1488 953 1556 humans
972 1511 1073 1557 voees
1097 1487 1259 1574 reddunt,
1280 1491 1412 1584 psittaci

344 1595 477 1691 quidem
505 1596 602 1664 etiam
630 1583 896 1663 sermocinantes.
919 1592 1014 1664 India
1036 1592 1142 1662 hane¹
1163 1617 1261 1663 avem
1289 1598 1411 1681 mittit,

343 1819 463 1871 lustrent.
503 1814 599 1868 Subest
627 1813 696 1868 rstio
725 1813 856 1866 nimirum
900 1814 1028 1879 scribens,
1056 1816 1122 1882 ἰχθὺς
1148 1815 1233 1877 sistis<
1255 1821 1331 1887 pusi.
1357 1823 1412 1870 An-

344 1897 439 1969 aptior,
445 1913 505 1967 qnss
511 1893 614 1948 erudite
624 1893 706 1964 msgie
712 1911 791 1964 quam
802 1893 855 1946 ele-
900 1893 977 1946 slsum
986 1894 1049 1965 eqni
1057 1913 1151 1948 sonem
1161 1908 1188 1948 et
1196 1896 1310 1950 horrere
1318 1898 1412 1962 simul,

343 1987 437 2049 genter
451 1975 486 2028 sb
503 1973 617 2028 liberto
631 1973 670 2025 Il.
685 1973 856 2044 expleuesm,
899 1986 926 2025 et
938 1972 1009 2026 inter
1023 1971 1182 2045 fugiendum
1200 1974 1299 2037 imitari
1319 1977 1412 2030 scribit

343 2055 378 2110 de
389 2055 479 2110 enim.
488 2053 536 2107 lib.
548 2052 605 2117 Vl,
616 2063 694 2106 treet.
708 2071 719 2105 r
731 2089 739 2116 ‚
752 2070 811 2125 esp.
824 2071 856 2117 r,
899 2052 1052 2107 Antoninus
1060 2053 1224 2108 Liberelisiss
1234 2055 1344 2109 Metam.
1353 2073 1412 2126 esp.

344 2154 405 2208 pag.
423 2152 475 2202 ιρι
492 2144 520 2185 et
539 2148 605 2201 ¹9²·
618 2131 710 2184 Ilsnss.
900 2151 929 2202 7.
945 2131 1037 2185 IIssn.

385 2214 411 2266 3.
432 2213 607 2265 latomenus.
627 2208 708 2281 apud
725 2210 855 2264 Aristote-
939 2230 969 2280 7.
988 2212 1079 2264 Haeo
1095 2213 1195 2282 pesae.
1214 2213 1309 2286 Neque
1326 2214 1411 2268 herba

344 2295 397 2348 lem
406 2303 546 2345 exstantes
556 2286 668 2344 totidem
677 2290 773 2352 serbis,
784 2290 855 2345 Hist.
898 2303 1020 2356 tentum,
1030 2289 1077 2344 sed
1087 2293 1224 2346 vermibus
1236 2293 1318 2348 etism
1331 2296 1411 2348 semi·

345 2373 437 2426 Anius.
455 2371 504 2424 lib.
518 2370 573 2433 VI,
588 2387 647 2440 usp.
663 2368 696 2435 3,
709 2387 770 2440 peg-
789 2370 854 2423 650.
897 2370 1033 2441 tribusque
1042 2371 1166 2425 vantur.
1182 2374 1275 2427 lisso.

345 2452 484 2506 lissim-
494 2449 598 2502 Festum
613 2449 696 2520 aliqua
708 2467 758 2500 sese
774 2461 798 2500 es
810 2467 857 2500 osa
939 2451 967 2503 8.
989 2448 1022 2502 Se
1035 2450 1159 2504 uicissem
1179 2453 1287 2523 Equum
1299 2469 1316 2504 s
1334 2465 1412 2522 pestes

345 2533 440 2586 hutten
454 2529 647 2600 Ilsesseppepls
661 2541 739 2582 voest
750 2526 856 2582 Plntsr·
898 2529 1022 2600 abigens,
1040 2547 1058 2582 s
1073 2547 1127 2600 quo
1148 2529 1223 2602 ipse,
1248 2532 1300 2586 nisi
1318 2549 1411 2604 peren

345 2611 513 2667 obus.Prsr.
898 2607 1034 2663 hinnitum
1060 2623 1230 2679 opponeres,
1254 2612 1409 2682 pelleretur.

386 2698 414 2756 4.
427 2689 570 2744 Casrdeeles.
586 2685 786 2742 Clssrdoneerets.
798 2687 834 2740 H.
900 2687 984 2742 Arist.
1006 2687 1075 2746 Hist.
1094 2691 1183 2745 duim.
1203 2689 1251 2744 lib.
1270 2691 1330 2757 tx,
1350 2710 1409 2763 esp.

386 2772 413 2828 5.
447 2770 551 2823 Taurus.
575 2767 697 2825 Bellonio
718 2767 804 2820 miror
825 2767 855 2820 in
902 2785 1009 2838 ’,ρῳ
1025 2767 1211 2822 senilium

345 2863 460 2904 mentem
479 2848 595 2911 senisse,
615 2858 646 2898 ut
662 2846 788 2899 scriberet
802 2846 854 2908 lib.
938 2846 1038 2898 LVIII.
1059 2866 1085 2901 r.
1100 2849 1173 2901 ledia
1186 2850 1258 2903 dees.
1270 2849 1311 2904 Es
1322 2850 1412 2904 Plinio

344 2933 396 2998 1v,
413 2947 471 2999 esp.
489 2934 525 2992 4,
545 2939 652 2980 taurum
669 2925 741 2978 lsnne
756 2925 855 2978 Plinis·
899 2925 986 2978 lssusit
1000 2925 1123 2993 Solinus,
1141 2947 1200 2999 esp.
1215 2947 1264 2992 rr,
1282 2947 1345 2999 μς.
1357 2931 1411 2995 8η

344 3027 426 3075 num,
437 3003 544 3060 udesm
553 3023 608 3060 esse
616 3003 764 3070 stellarem,
775 3023 855 3076 quem
900 3023 932 3060 ex
943 3004 1037 3059 Selino
1051 3008 1192 3079 Apuleius,
1204 3008 1253 3062 lib.
1270 3009 1297 3060 Il
1308 3008 1411 3062 florid.

345 3089 548 3144 Gnllibsstorims
563 3096 658 3138 vocent
674 3095 680 3131 :
698 3101 779 3154 quen
791 3103 856 3138 sene
900 3102 960 3157 pig.
993 3091 1044 3150 rs,
1067 3087 1137 3139 lrsne
1154 3087 1260 3158 psittaci
1283 3088 1408 3142 iooeems

345 3169 415 3222 inter
427 3184 521 3240 psms
536 3183 613 3229 sves,
630 3163 677 3234 qni
690 3164 761 3218 vele
775 3165 857 3235 longe
904 3163 1091 3228 «Ριὶῑῑιοαι,
1116 3166 1223 3238 inquis,
1248 3165 1332 3221 ludim
1356 3169 1412 3222 seis

345 3247 461 3312 viderit,
490 3263 571 3298 nemo
596 3243 731 3296 oensuerit
759 3243 857 3315 reponi
900 3257 960 3298 ess:
976 3244 1060 3298 instar
1069 3245 1110 3298 illi
1118 3246 1228 3300 minime
1236 3247 1412 3318 minusqusns

346 3328 443 3382 merite
454 3343 539 3398 posse.
553 3325 644 3378 lIssn.
900 3324 1084 3378 eolnmbsrum
1096 3343 1104 3378 ε
1118 3324 1180 3379 sed·
1193 3361 1200 3374 ·
1213 3358 1239 3374 ··
1257 3327 1331 3380 oolor
1345 3329 1412 3398 psit·

386 3412 414 3463 6.
426 3405 532 3460 Anum.
544 3393 618 3464 Isto:
626 3401 774 3468 Aristoteli,
786 3402 855 3457 Hist.
900 3416 959 3457 taen
978 3402 1087 3470 viridis,
1106 3417 1134 3458 et
1148 3406 1251 3460 intimis
1270 3408 1411 3477 plumulis,

345 3488 438 3542 Anim.
447 3487 495 3539 lils.
506 3484 586 3548 VIII,
596 3501 656 3554 esp.
668 3486 695 3544 6.
707 3501 767 3554 pag.
778 3484 855 3549 see,
900 3496 928 3536 et
937 3483 1041 3536 extimis
1053 3485 1193 3555 palmulis,
1205 3485 1257 3539 nisi
1270 3487 1345 3557 quod
1355 3488 1412 3540 sola

344 3567 477 3633 Bellonio,
493 3565 541 3617 lils.
555 3563 625 3627 vu,
645 3580 703 3633 esp.
721 3561 773 3626 ²33
793 3563 856 3616 See·
900 3562 1004 3616 eervioe
1012 3560 1192 3636 distinguitur.
1201 3566 1346 3619 Enimvero
1354 3585 1412 3620 eer-

344 3648 443 3720 ligero,
456 3645 485 3699 in
497 3643 577 3698 Arist.
591 3659 651 3712 pag.
671 3639 757 3706 soni,
770 3653 798 3694 et
808 3641 857 3694 ΔΙ·
899 3643 988 3696 viniale
1006 3645 1063 3714 ejus
1077 3645 1179 3698 circulo
1196 3645 1321 3711 miniato,
1337 3646 1412 3701 velut

344 3723 498 3789 densendo,
518 3723 566 3776 lib.
588 3721 684 3784 xvu,
706 3739 765 3792 με.
788 3722 854 3790 750,
901 3741 980 3776 sures
1004 3725 1115 3794 torqui,
1137 3726 1197 3795 psri
1224 3725 1334 3795 fulgoris
1359 3726 1413 3779 cir·

345 3809 442 3860 irum.
463 3806 606 3858 lisun—
620 3800 727 3854 Amne.
756 3801 857 3854 Affini-
901 3815 1023 3856 enmsetu
1040 3805 1173 3876 cingitur,
1189 3818 1381 3858 eteoromtur.
1394 3831 1408 3852 ι

345 3899 397 3941 tete
415 3883 528 3958 quadum
546 3880 618 3934 vocis
635 3896 665 3933 se
677 3879 856 3934 similitudine
901 3884 995 3935 Unum
1006 3881 1059 3936 lsoe
1073 3885 1246 3956 peitsseosnm
1260 3903 1343 3954 genus
1355 3885 1411 3938 Ve-

344 3965 471 4038 deeeptus
482 3962 557 4016 Phile
569 3957 689 4026 videtur,
703 3959 795 4031 quide
806 3979 854 4014 sn·
898 3974 965 4015 teres
976 3977 1141 4032 sguoveensst
1153 3982 1161 4016 :
1173 3983 1224 4016 nos
1233 3976 1261 4016 et
1272 3965 1336 4028 slis,
1351 3983 1412 4035 quse

346 4047 401 4100 slsis
410 4046 482 4117 pisos
491 4041 566 4114 loqui
575 4039 766 4112 Philosophum
778 4053 855 4110 puts·
896 4039 1024 4094 describit
1054 4042 1166 4097 Aldrov.
1199 4043 1334 4096 Ornitlrol.
1361 4044 1411 4096 lib.

344 4126 396 4193 ris,
410 4125 459 4178 lili.
470 4122 506 4182 de
518 4123 613 4194 Prnpr.
623 4120 786 4192 duimpeg.
799 4127 853 4191 76,
897 4121 953 4182 XI,
970 4139 1027 4192 esp.
1044 4141 1077 4176 ss
1087 4164 1095 4186 ,
1106 4137 1134 4181 et
1149 4122 1366 4194 sliunde,qnem
1378 4143 1411 4176 es
