3200 5159
608 520 763 589 LIBER
789 521 834 589 X.
1054 540 1057 561 ¹
1178 518 1247 591 dor

189 649 314 720 roratis
328 673 364 718 se
382 645 531 744 implevit
544 651 700 736 conchis,
718 649 828 722 calore
841 653 968 720 ventris
984 665 1096 722 coctas
1112 656 1253 741 evomit,

188 771 290 850 atque
310 757 356 824 ita
375 781 416 824 ex
434 757 473 825 iis
493 755 660 827 esculenta
673 756 769 854 legit,
794 772 894 827 testas
913 743 1119 827 excernens⁶.
1144 782 1148 789 ’

244 864 351 932 LVlI.
371 850 476 954 (aar.)
489 861 684 934 Villaribus¹
698 863 826 960 gallinis
836 879 872 934 et
883 863 1016 958 religio²
1028 867 1123 934 inest.
1138 864 1254 934 Inhor-
1274 894 1285 929 1

190 1025 373 1093 contundunt,
390 1026 424 1080 de
444 1045 498 1098 quo
511 1046 568 1098 cap.
585 1031 635 1096 66,
651 1047 701 1080 nu·
745 1029 792 1100 qui
817 1041 845 1082 et
868 1047 1005 1100 nunquam
1034 1029 1095 1082 satis
1117 1027 1253 1083 laudatum

191 1127 238 1180 gas
263 1119 352 1178 agunt.
378 1106 568 1160 onocrotalum
588 1119 703 1179 septem·
745 1109 917 1179 scriptorem,
932 1112 1005 1180 quod
1017 1109 1184 1174 Aristoteles,
1202 1109 1254 1162 Pli-

190 1187 310 1240 trionalis
330 1186 413 1240 mittit
424 1185 568 1240 Oceanus:
588 1186 703 1259 plateam
744 1187 825 1255 nius,
844 1189 953 1253 Cicero,
973 1188 1093 1242 AElianus
1111 1187 1253 1258 quintode·

192 1266 348 1320 Aristoteles
367 1265 515 1339 Strymonis
532 1284 563 1320 ac
586 1267 703 1319 Danubii
730 1267 815 1320 cimo
831 1268 967 1322 volumine
980 1269 1021 1321 De
1031 1267 1141 1321 historia
1151 1268 1254 1322 anima·

192 1347 307 1400 incolam
325 1345 397 1398 lacit.
419 1347 561 1400 Devoratas
584 1358 662 1398 testae
687 1364 702 1398 e
744 1346 1108 1419 lium‚pelecaniaenplatere
1116 1347 1251 1407 tribuant.

192 1439 284 1481 ventre
293 1424 703 1498 platesrcvomit,ejnsdemsto·
744 1426 1253 1492 erodiosscribentem,libro,Utrssni·

192 1505 281 1560 machi
295 1505 383 1560 calore
392 1517 480 1558 coctas
495 1522 502 1558 ε
516 1504 700 1568 onocrotalus,
744 1507 854 1560 mulium
865 1506 1016 1572 solertiori,
1029 1519 1080 1560 etc.
1092 1507 1124 1558 In
1139 1505 1253 1559 similem

193 1603 227 1638 ex
244 1585 309 1638 lalso
328 1597 419 1651 utero,
432 1585 484 1638 boc
502 1598 556 1650 est,
572 1583 701 1655 prolobo,
743 1584 840 1641 incidit
853 1586 955 1659 lapsum
971 1585 1044 1638 etde
1057 1586 1138 1657 vulpe
1150 1586 1253 1639 marina

194 1665 249 1718 aire
267 1664 385 1736 ingluvie
407 1663 535 1736 quadam,
561 1676 702 1734 antequam
743 1665 958 1738 loquens,quum
966 1664 1057 1727 tradit,
1070 1663 1196 1718 devorato
1205 1665 1254 1718 ha·

194 1744 222 1796 in
235 1763 322 1797 veram
331 1744 419 1796 alvum
428 1741 620 1797 descenderint
630 1743 703 1796 Ero·
744 1764 788 1798 mo
802 1763 856 1799 sese
875 1746 1019 1811 invertere,
1033 1763 1065 1798 ex
1079 1744 1254 1797 interioribus

193 1823 256 1892 mit,
269 1824 405 1896 rejicitqne
418 1821 488 1876 l'oras
500 1821 630 1895 platalea,
643 1839 703 1894 qun
744 1833 832 1878 extera
842 1824 996 1888 facientem,
1010 1835 1041 1877 ut
1053 1825 1163 1877 hmom
1173 1841 1252 1876 excu-

194 1916 344 1968 vorsrerat,
365 1920 448 1974 eaque
463 1901 561 1956 deinde
583 1915 657 1956 extra
672 1920 702 1954 os
744 1905 798 1958 tint.
811 1904 879 1957 Nam
887 1902 959 1975 qood
971 1901 1005 1956 de
1013 1901 1188 1974 scolopendra
1198 1921 1253 1956 ma·

193 1983 269 2038 humi
279 1984 379 2055 abjecta
389 1982 510 2038 excernit
518 1995 604 2035 rostro
616 2001 626 2035 .·
638 1999 703 2034 ono·
743 1984 803 2036 rios
816 1984 915 2055 legerat
922 1981 994 2053 apud
1004 1982 1172 2036 Aristotelem
1181 1983 1253 2035 libro

194 2063 309 2116 crotalus
326 2081 358 2116 ex
384 2062 502 2132 ingluvie
526 2060 625 2124 modo,
646 2078 702 2114 non
744 2061 1252 2132 nono,etPlininoetia1nrepetit,nt

194 2141 311 2212 exspuit,
325 2140 407 2196 sedin
417 2159 446 2193 os
455 2142 558 2213 ipsum,
568 2139 703 2194 ruminan-
744 2162 792 2196 auo
805 2143 867 2196 loco
879 2143 963 2194 visum
978 2153 1033 2202 est,
1045 2141 1103 2212 ipse
1115 2141 1189 2213 vulpi
1199 2159 1253 2193 ma·

181 2210 263 2274 'tium
280 2239 370 2287 more,
390 2221 486 2274 iterum
499 2217 647 2274 mandenda
660 2237 703 2272 rc·
743 2221 811 2274 rinae
826 2219 873 2275 dat
891 2239 898 2272 ε
914 2221 977 2292 qnia
991 2218 1116 2273 videlieet
1131 2218 1166 2273 de
1181 2232 1253 2273 utro·

194 2313 280 2354 voest.
294 2302 335 2354 De
347 2301 471 2372 pelecane
482 2316 527 2353 eeu
545 2299 647 2371 platan,
662 2315 703 2351 ea·
743 2318 796 2374 que
815 2300 923 2353 animali
943 2301 1065 2370 aquatico
1082 2297 1177 2352 eodem
1189 2300 1253 2353 loco

194 2378 258 2433 dem
274 2381 394 2434 referunt
407 2391 504 2451 praeter
515 2377 703 2440 Aristotelem,
744 2378 900 2432 Aristoteles
908 2379 1251 2450 agitem-Euersam.

195 2459 300 2514 Auctor
310 2459 373 2512 libri
385 2457 420 2511 de
435 2458 533 2512 Mirab.
547 2459 625 2510 Ausc.
642 2475 702 2527 pag.
744 2461 841 2512 Rostro
852 2475 975 2528 separans
982 2469 1113 2511 camenis
1124 2470 1198 2521 testa,
1210 2458 1253 2509 in·

197 2538 291 2608 1151;
312 2539 443 2600 Edictum,
462 2537 528 2590 Hist.
548 2537 638 2590 Anim.
653 2536 703 2589 lib.
744 2539 804 2609 quit
815 2538 954 2602 ammos,
964 2537 999 2590 de
1011 2537 1252 2600 suimtimvtfl,

194 2619 324 2690 Ill,cap.
336 2617 547 2689 so;llntigonur
558 2614 702 2687 Carystius,
743 2636 806 2689 pag.
825 2616 1111 2671 saturam-atii
1124 2621 1252 2669 excutiens.
1348 2631 1351 2640 ’

194 2717 253 2770 cap.
275 2697 431 2768 473Phile,
448 2715 506 2767 cap.
529 2697 562 2761 8,
578 2713 637 2767 pag.
655 2696 702 2758 34.
744 2697 833 2751 Dalec.
859 2701 925 2747 testr's
941 2715 1043 2757 amna,-
1063 2695 1199 2766 quomodo
1228 2709 1255 2749 et

195 2779 261 2844 Quae
279 2775 418 2832 Secundus
443 2775 476 2829 de
497 2775 623 2847 platalea,
645 2773 702 2829 brec
742 2775 795 2829 hoc
809 2776 880 2830 Gaas
898 2774 971 2846 apud
984 2772 1156 2830 Arittotelem
1168 2786 1254 2829 mane·

195 2875 303 2930 quoqne
314 2857 421 2918 Cioero,
434 2857 494 2909 loeo
505 2856 548 2908 cit.
567 2880 578 2903 ι
590 2853 702 2908 Eadem·
743 2856 813 2909 tulit.
830 2857 884 2908 En.

196 2955 247 3009 que
267 2937 325 2992 huc
343 2937 398 2990 aris
415 2935 539 2988 scribitur
553 2935 661 2988 conchis
675 2951 702 2985 se
783 2935 872 2988 LVlI.
903 2952 927 2987 r.
956 2934 1088 2986 Velleribus
1108 2936 1209 3004 gallinis
1232 2947 1256 2987 et

196 3017 638 3088 colereeomplere,estquequum
649 3025 703 3066 ato·
745 3017 832 3086 religia
850 3019 920 3068 ineat.
940 3014 1094 3067 Aristoteles
1109 3033 1165 3067 non
1178 3016 1256 3068 rilla-

196 3098 284 3152 macbi
293 3097 381 3150 calore
390 3095 555 3159 concoxerit,
566 3110 703 3157 evomere,
746 3095 805 3149 ticis
820 3093 948 3147 duntaxat
960 3093 1065 3164 gallinis
1078 3095 1133 3148 boc
1147 3094 1257 3159 tribuit,

196 3189 276 3249 atque
292 3176 329 3230 ita
346 3175 443 3248 eligere
463 3193 495 3227 ex
515 3174 547 3228 iis
568 3191 627 3244 quse
641 3183 703 3225 sunt
747 3173 793 3230 sed
812 3175 946 3226 omnibus.
971 3174 1065 3244 Neque
1083 3192 1176 3226 vocem
1199 3175 1257 3227 lati·

197 3257 337 3310 esculenta.
360 3281 371 3303 ι
411 3256 451 3307 De
481 3255 605 3326 peleoane
632 3251 703 3304 idem
746 3273 809 3308 nam
822 3265 1006 3324 receptamque
1018 3253 1139 3306 existimo
1149 3256 1258 3306 esseuil

197 3337 277 3390 Arist.
296 3335 363 3390 nist.
381 3333 494 3386 Animal.
511 3333 558 3386 lib.
570 3333 627 3395 IX,
646 3349 703 3402 cap.
748 3335 808 3386 luris
818 3332 921 3398 avitia,
937 3331 983 3384 sed
993 3333 1139 3384 villaticsu:
1162 3351 1215 3405 qua
1230 3347 1257 3386 et

199 3424 252 3480 14,
267 3433 327 3487 pag.
345 3421 434 3478 που,
450 3414 559 3484 aliique,
571 3430 639 3484 quos
650 3412 705 3464 lau·
748 3414 787 3466 Μ.
804 3414 894 3466 Varro
914 3425 941 3465 et
959 3411 1107 3466 Columella
1124 3425 1152 3466 et
1168 3413 1256 3466 ceteri

195 3494 410 3565 darimussupra.
422 3494 513 3546 Hnn.
750 3502 869 3546 utuntur.
881 3491 1111 3545 Aristoteleelibro
1121 3503 1205 3556 serto,
1217 3510 1259 3546 ca·

177 3609 185 3618 -
237 3579 265 3631 6.
295 3576 380 3628 Testae
401 3591 533 3626 emmens.
560 3573 641 3624 Recte
659 3569 706 3642 qui
751 3573 807 3642 pite
833 3569 950 3625 secundo
971 3589 978 3624 ε
1007 3572 1220 3626 ‹lnbomescunt
1242 3589 1257 3624 a

196 3674 247 3727 pro
263 3673 395 3718 excreans,
415 3665 446 3706 ut
462 3665 538 3706 antea
558 3651 706 3722 legebatur,
750 3652 837 3715 coitu,
851 3669 881 3704 sc
891 3651 1079 3705 se-excotiunt.
1092 3651 1258 3722 Saepectism

197 3753 321 3787 sacernam
337 3733 527 3795 correxerunt,
547 3750 580 3784 ex
600 3731 706 3783 Aristo·
750 3732 848 3785 lactuca
866 3731 953 3802 aliqua
972 3750 1027 3784 sese
1040 3732 1168 3794 lustrant,
1184 3729 1258 3802 quod

197 3814 343 3879 tele,libro
365 3831 454 3876 nono,
476 3811 562 3882 capite
579 3810 704 3864 decimo:
750 3809 823 3864 idam
847 3824 874 3864 et
899 3809 973 3864 edito
995 3830 1047 3864 ovo
1069 3809 1204 3864 interdum
1222 3811 1260 3863 ia·

197 3907 223 3947 et
236 3894 304 3946 libro
320 3892 354 3946 de
373 3889 528 3945 admiranda
547 3888 703 3944 auditione:
750 3892 833 3945 ciunt.
843 3917 857 3939 ι
874 3892 954 3944 Pin.

197 3972 402 4043 suifragantibus
416 3973 493 4024 etiam
512 3971 643 4023 ambobus
659 3987 708 4022 no·
790 3992 818 4025 a.
837 3972 979 4041 Etrelr'gs'o.
994 3969 1130 4022 Festivom
1140 3967 1168 4020 id
1179 3987 1258 4022 sane:

196 4052 257 4106 stris
269 4050 472 4122 exemplaribus.
487 4051 565 4104 Subit
580 4048 706 4102 hocloco
751 4053 825 4122 quasi
841 4052 952 4122 pulvere
966 4068 1014 4115 eo,
1033 4067 1113 4121 quem
1131 4043 1206 4099 mota
1219 4065 1262 4100 ex-

196 4132 289 4186 mirari
298 4131 468 4206 Plutarchum
477 4171 486 4200 ,
495 4147 629 4184 summum
640 4127 706 4182 alio-
751 4132 849 4198 deant,
860 4147 984 4184 venem
994 4129 1141 4189 excutiant,
1154 4145 1261 4198 seseque
