3200 5159
551 537 710 604 uiuus
737 536 804 603 x1.
1141 531 1216 630 575

149 671 328 768 drupedes,
353 669 421 739 alas
446 670 480 736 in
509 670 622 763 priora
652 682 807 752 curvant,
839 651 1053 760 suffragincs⁸
1083 666 1118 734 in
1157 689 1217 760 po-

149 794 297 956 millii:
310 882 461 952 Hominis
473 878 622 976 genibus¹
637 878 787 974 quaedom
806 893 841 947 ct
857 876 972 972 religio
986 877 1091 960 inest,
1104 878 1217 948 obser·
1239 899 1250 932 ¹

149 993 283 1062 vatione
295 991 451 1085 gentium.
467 991 548 1056 Haec
562 985 726 1082 supplices
740 987 933 1079 attingunt:
956 983 998 1052 ad
1016 984 1086 1053 haec
1099 1010 1218 1055 manus
1245 1038 1248 1042 ι

151 1099 294 1168 tendunt
316 1123 324 1164 :
344 1095 436 1181 haec,
456 1108 494 1163 ut
511 1117 606 1178 aras,
626 1091 787 1178 adoraut3
816 1090 964 1161 fortassis
980 1092 1056 1185 quia
1074 1092 1159 1160 inest
1180 1093 1218 1162 iis

151 1203 304 1274 vitalitas.
330 1204 485 1295 Namque
511 1201 545 1267 in
571 1201 641 1293 ipsa
668 1223 755 1293 genu
781 1199 952 1292 utriusque
982 1199 1219 1285 commissura,

151 1307 267 1380 dextra
279 1308 464 1416 laequue,a
478 1307 589 1402 priore
601 1320 696 1400 parte
709 1306 841 1400 gemina
852 1301 1021 1398 quaedam²
1037 1302 1219 1374 buccarum

151 1524 237 1590 tibus,
247 1524 348 1596 inquit,
356 1519 557 1593 multipedibus,
568 1531 598 1573 ut
606 1539 665 1575 ara·
706 1532 856 1574 antrorsum
862 1520 996 1575 inretitum
1002 1521 1220 1578 scribonium.

151 1621 204 1658 neo
223 1617 249 1657 et
267 1604 389 1665 locuste,
409 1601 551 1654 novissima
571 1617 664 1664 crura,
748 1601 776 1654 8.
790 1599 951 1670 Sussmgines.
968 1602 1085 1655 Crurum
1099 1601 1219 1656 flexurus.

152 1685 204 1737 hoc
220 1697 275 1748 est,
286 1695 433 1755 postrema,
449 1681 538 1732 minus
556 1679 665 1751 obliqua
708 1679 747 1732 Tb
758 1679 802 1751 μὶν
817 1683 890 1737 σκῦνη
903 1681 937 1742 tie
949 1682 983 1733 τά
991 1682 1088 1734 ὄπισθεν
1100 1685 1220 1754 κάμπτει·

151 1775 214 1818 sunt
225 1781 231 1816 :
243 1777 312 1816 recte
324 1763 394 1815 enim
404 1771 511 1831 oportet
523 1777 587 1822 esse,
599 1778 665 1831 quo·
707 1759 787 1813 Arist.
802 1779 861 1832 pag.
877 1761 941 1813 155.
955 1761 1043 1816 lieno.

152 1838 665 1908 rumnieuvibrareseadsaltumqueant:
749 1839 823 1893 Clll.
848 1858 873 1893 1.
896 1840 1007 1893 Hominis
1029 1841 1150 1911 genibus,
1171 1855 1221 1896 etc.

153 1919 254 1976 idcirco
267 1937 293 1975 et
303 1922 424 1990 longiora
437 1918 665 1982 ridentquuem
708 1918 829 1972 Priamus
840 1917 911 1990 apud
921 1919 1081 1984 Homerum,
1093 1921 1222 1975 Achillem

153 2003 189 2055 ob
204 2020 259 2054 rem
277 1999 408 2065 Ovidius,
424 1998 601 2068 Metamorpb.
618 1999 665 2050 lib.
708 2010 832 2052 oraturus
843 2012 873 2052 ut
885 1999 934 2051 filii
945 2018 1042 2072 corpus
1053 1998 1184 2056 redimere
1194 2003 1224 2054 li·

134 2120 136 2129 ,
153 2082 216 2145 XV,
227 2099 295 2134 vers,
311 2081 364 2150 377
377 2099 384 2131 s
395 2077 498 2131 ·Crurs
509 2076 553 2130 dat
564 2095 571 2130 :
584 2089 666 2149 utque
708 2091 796 2131 ceret:
810 2079 902 2131 Γώνυν
920 2079 1040 2151 ἀψάμινοι
1049 2083 1223 2153 λιτανεύσομεν

153 2159 246 2214 eadem
257 2158 400 2230 sintlougis
411 2158 520 2210 saltibus
531 2158 666 2227 spineo·
710 2158 761 2211 uin·
781 2160 878 2227 oreon
898 2157 977 2230 ¹bpud
992 2159 1130 2224 eumdem,
1146 2158 1223 2215 iliad.
1250 2218 1259 2238 ,—

153 2240 452 2311 steriorpnrtessuperat
463 2254 584 2290 mensure
594 2237 666 2308 prio·
709 2237 736 2288 V
747 2255 754 2292 ε
778 2271 785 2285 ·
798 2272 806 2285 ·
818 2260 826 2275 ·
839 2271 846 2285 ·
859 2236 954 2291 -bessise
981 2239 1101 2292 tilienses
1122 2242 1222 2311 γούνων.

153 2337 204 2374 res.
216 2345 227 2366 ι
243 2320 385 2372 Henn.—
398 2316 440 2370 Sic
459 2327 483 2368 et
500 2317 667 2386 multipedibus
709 2315 793 2387 Apud
804 2316 1025 2390 Tryphiodorum
1042 2319 1125 2372 Sinon
1138 2322 1224 2392 perju-
1295 2361 1300 2370 .

151 2411 310 2472 preterquam
330 2400 456 2450 novissima
475 2396 623 2448 salientibus.
638 2395 666 2448 Si
708 2415 754 2449 rus
768 2396 874 2449 Priamo
887 2395 1042 2464 advolutus,
1059 2399 1161 2460 ἱκεσίαις
1172 2421 1223 2453 nu·

154 2479 236 2532 relata
254 2478 334 2551 paulo
350 2489 409 2530 ente
423 2476 570 2528 Aristotelis
587 2477 666 2528 verba
708 2481 816 2546 λαμῇσιν
833 2477 914 2546 ἥψατο
928 2483 1027 2549 γούνων.
1047 2477 1128 2548 Apud
1145 2480 1225 2533 Euri·

154 2556 306 2630 diligentius
329 2556 517 2628 inspiciantur,
541 2556 666 2626 patebit,
709 2554 800 2626 pidem
816 2555 921 2609 Orestes
940 2557 1051 2628 supplex
1073 2558 1225 2614 Menelaum

153 2638 305 2691 subeuntibus
316 2637 375 2702 hic,
389 2648 436 2689 aut
450 2635 579 2698 umeris,
590 2635 669 2687 subse-
711 2635 748 2688 sic
766 2635 912 2708 alloquitur
927 2653 935 2688 :
949 2641 1004 2688 Τῶν
1026 2643 1076 2689 σῶν
1100 2640 1224 2707 γουνάτων

154 2719 292 2792 quentibus,
304 2735 358 2770 non
369 2715 507 2768 salientibus
513 2733 568 2768 esse
579 2715 667 2784 legen·
711 2717 848 2785 sepositus
858 2717 974 2786 θιγγάνω.
987 2714 1053 2768 lnde
1064 2717 1136 2788 epod
1146 2717 1228 2792 Syne-

154 2797 220 2850 duro
234 2815 241 2852 :
253 2809 283 2849 nt
303 2797 337 2849 sit
360 2814 465 2860 sensus,
486 2792 622 2847 crocodilo
642 2805 669 2846 et
711 2794 803 2847 sium:
820 2800 915 2867 Πρηνὴς
934 2795 976 2849 καί
994 2799 1129 2866 γονυπιτὴι
1145 2800 1226 2862 istisne

154 2877 257 2931 luceatis
271 2893 413 2930 esseorum
426 2874 545 2946 obliqua,
562 2885 588 2927 et
604 2873 668 2926 item
711 2875 848 2945 γινόμινος,
873 2874 1026 2946 Virgiliuss
1045 2902 1056 2924 ν
1073 2877 1108 2928 Et
1140 2897 1227 2950 genua

154 2962 183 3009 in
209 2954 419 3028 multipedibus,
441 2965 619 3026 preterquam
640 2955 668 3006 in
713 2954 872 3025 amplectens
889 2954 987 3006 ellatur
1002 2954 1063 3008 talia
1079 2958 1223 3028 supplex..

155 3036 277 3089 cruribus
289 3034 670 3105 subeuntibuspostreme,boc
712 3031 882 3099 Claudianus,
896 3032 930 3086 de
945 3047 1025 3105 raptu
1042 3035 1226 3108 Proserpina:

156 3126 210 3180 est,
224 3114 436 3186 interjacentibus
449 3115 533 3185 prima
546 3125 572 3166 et
581 3113 670 3166 novis·
716 3139 745 3162 ι.
758 3146 766 3161 .
778 3115 955 3185 ·genibusque
964 3131 1023 3167 sues
1035 3133 1096 3167 cum
1107 3118 1227 3188 supplice

157 3195 238 3259 sima,
250 3211 311 3266 quas
329 3204 439 3246 auctore
455 3192 594 3245 Aristotele
612 3211 669 3245 am·
713 3193 777 3246 fletu
788 3193 938 3246 Admovere
953 3212 1055 3247 manus.
1065 3218 1076 3239 ι
1095 3197 1199 3260 Dicae.

156 3275 236 3345 bigae
252 3284 322 3326 suut.
338 3271 512 3325 Pusam-Sic
522 3283 547 3322 et
561 3271 670 3342 multipe-
755 3273 934 3338 elimentum,
945 3286 996 3327 etc.
1011 3272 1048 3326 Os
1064 3274 1171 3330 femoris
1184 3279 1227 3330 iu·

157 3354 240 3417 dibus,
254 3365 304 3406 etc.
319 3352 456 3406 Pintienus
471 3369 503 3404 ex
521 3351 670 3416 Aristotele,
713 3352 811 3406 l'eriore
826 3353 868 3407 sui
881 3364 957 3425 perte
974 3351 1009 3406 ad
1023 3372 1109 3424 genua
1119 3357 1226 3426 gemino

157 3433 257 3487 Histoe.
271 3433 362 3486 Auim.
374 3433 423 3484 lib.
439 3430 483 3496 11,
503 3449 561 3503 cap.
580 3450 610 3497 ι,
631 3430 668 3482 le·
713 3432 800 3503 capite
814 3432 886 3485 tibiae
904 3432 977 3485 sinus
989 3433 1071 3486 intrat
1085 3453 1092 3485 s
1108 3435 1180 3490 inter
1196 3456 1227 3491 ee

158 3513 218 3584 gire
233 3539 244 3561 ι
257 3513 435 3583 Praeterquam
448 3512 591 3564 novissima
607 3511 670 3563 sub·
713 3513 798 3583 capita
811 3531 882 3583 poue
895 3511 1024 3570 rotulam.
1037 3514 1092 3566 sive
1109 3516 1226 3581 molem,

157 3593 283 3646 euntibus
296 3604 341 3645 aut
352 3591 576 3662 subsequentibus
588 3585 599 3653 (
606 3591 669 3642 sub·
713 3610 763 3663 qua
775 3609 845 3662 geno
860 3604 976 3655 constat,
993 3595 1108 3662 spatium
1119 3608 1158 3648 est
1170 3615 1227 3648 sm·

157 3671 221 3726 aud.
235 3663 354 3744 pedibus)
374 3671 419 3743 qui
435 3670 553 3742 ambigui
570 3681 641 3724 sunt.
652 3695 664 3717 ν
711 3673 787 3743 plum
801 3667 942 3726 latitudine
953 3671 1073 3744 pollicis:
1088 3693 1137 3745 per
1153 3675 1227 3746 quod

157 3752 213 3822 Ego
224 3753 263 3805 nil
278 3763 369 3816 muto,
392 3769 550 3822 sensumque
565 3750 667 3822 perspi·
713 3769 773 3804 rasa
786 3752 914 3821 nervique
925 3751 959 3804 ad
974 3771 1050 3805 crura
1065 3766 1202 3807 transeunt
1218 3774 1225 3807 :

157 3850 237 3884 cuum
253 3851 284 3886 nc
300 3849 392 3884 verum
414 3847 469 3883 esse
485 3842 563 3902 puto,
583 3829 669 3882 salieri-
712 3845 826 3906 suntque
847 3833 883 3884 ob
906 3833 1103 3885 convulsionem
1125 3835 1153 3886 iu
1177 3835 1228 3889 hac

158 3910 221 3964 tibus
235 3911 415 3982 multipedibus,
427 3913 456 3964 ist
468 3928 581 3974 mneo,
594 3910 669 3962 locu·
712 3923 787 3982 parte
800 3911 948 3983 periculosa
960 3911 1078 3964 vulnera.
1095 3911 1154 3966 lloc
1168 3932 1227 3984 spu-

157 4003 218 4056 stte,
234 3991 373 4044 novissima
386 3991 670 4062 sivepostremacrura
714 3991 781 4044 tium
795 3992 831 4043 ob
845 3989 1049 4044 similitudinem
1067 3992 1228 4062 quemdam,

157 4089 213 4123 esse
229 4072 317 4123 minus
331 4071 456 4141 obliqua,
473 4069 519 4122 sed
534 4082 605 4123 recta
620 4087 670 4141 po·
713 4070 858 4124 buccarum
878 4070 1031 4123 inanitatem
1046 4085 1138 4124 vocnt:
1153 4075 1227 4144 quasi

159 4151 224 4214 tius,
240 4150 364 4220 quoniam
373 4167 465 4203 eorum
476 4149 539 4202 uisu
551 4146 670 4202 saliendo
715 4151 811 4203 buccas
825 4149 928 4203 inflatas
941 4149 1052 4202 cavitate
1066 4151 1172 4204 celerat:
1183 4173 1229 4207 seu
