3200 5159
362 489 438 576 304
628 489 668 557 C.
695 486 869 557 PLINII
895 485 1004 554 ΝΔΤ.
1031 487 1162 555 utsT.

328 654 343 688 s
361 620 548 719 spectanda.
562 619 649 689 Satis
662 615 724 689 illis
737 617 869 688 decoris
877 618 912 688 in
924 617 1033 713 specie
1042 616 1203 688 samsonis
1215 617 1353 689 humani
1366 634 1426 690 est.

362 733 489 800 Verum
505 726 676 796 addiscere
688 723 769 793 alias
783 739 909 860 negant
920 749 1036 818 posse,
1050 747 1151 818 quam
1166 749 1241 818 quae
1251 748 1292 793 er
1306 747 1427 854 genere

361 860 476 906 earum
495 847 591 919 sunt,
608 855 682 926 quae
724 828 821 912 laude
864 845 1070 900 vescantur:
1092 844 1127 899 et
1149 831 1311 900 intereas
1348 830 1427 900 faci·

362 941 440 1028 lius,
460 940 579 1035 quihus
596 939 688 1032 quini
726 951 804 1006 sunt
816 935 908 1030 digiti
923 939 956 1006 in
972 936 1111 1031 pedibus
1129 961 1137 1004 ε
1158 961 1200 1006 ao
1214 961 1258 1005 ne
1275 959 1331 1006 eas
1350 939 1425 1030 qui·

362 1046 438 1117 dem
456 1047 561 1142 ipsas,
583 1045 644 1112 nisi
657 1043 792 1137 primis⁷
807 1041 938 1112 duobus
954 1044 1032 1112 vitae
1046 1043 1152 1112 anuis.
1176 1028 1309 1112 Latior⁸
1323 1044 1362 1111 iis
1376 1057 1427 1112 est

362 1154 495 1248 lingua:
512 1149 730 1244 omnibusque
749 1150 784 1217 in
803 1173 864 1218 suo
878 1150 996 1243 cuique
1010 1173 1227 1244 genero,quae
1239 1173 1427 1218 sermonem

362 1261 532 1328 imitantur
546 1257 729 1325 humanum
743 1275 751 1318 τ
765 1278 968 1348 quamquam
981 1253 1015 1323 id
1028 1278 1123 1348 paene
1137 1255 1172 1322 in
1184 1253 1337 1324 omnibus
1346 1279 1427 1324 con·

362 1367 468 1460 tingit.
488 1363 672 1458 Agrippina
695 1359 847 1431 Claudii⁹
866 1361 1004 1430 Caesaris
1022 1360 1156 1430 turdum
1176 1361 1293 1430 habuit
1308 1350 1323 1453 (
1338 1361 1428 1456 quod

362 1493 543 1566 numquam
567 1463 667 1554 ante)
697 1467 880 1538 imitantem
902 1491 1071 1536 sermones
1103 1467 1302 1555 hominum,
1323 1491 1428 1562 quum

329 1596 345 1647 3
362 1579 432 1650 haec
458 1576 642 1672 proderem.
666 1572 843 1644 Habebunt
864 1586 899 1642 et
914 1575 1061 1643 Caesares
1076 1571 1244 1668 juvenes¹’
1256 1587 1429 1662 sturnum,

405 1811 431 1868 4.
455 1804 518 1872 Qun
534 1799 633 1872 glande.
652 1799 701 1852 tta
725 1811 787 1852 sunt
808 1800 874 1871 piosa
916 1797 990 1872 quod
1010 1800 1114 1854 Plinius
1130 1803 1253 1856 observat
1269 1804 1350 1874 hujus
1364 1801 1428 1856 libri

363 1882 550 1958 glandularia,
571 1898 636 1952 quas
656 1879 790 1950 appellare
810 1897 875 1932 non·
917 1898 975 1950 usp.
990 1881 1262 1951 77‚postColnmell.
1277 1881 1367 1936 Hann.

364 1981 472 2030 suerere
487 1973 631 2025 nostrates,
647 1959 688 2010 des
705 1963 791 2029 grais:
808 1976 875 2029 qnos
958 1976 986 2028 7.
1007 1959 1048 2012 As
1069 1979 1098 2012 us
1116 1981 1158 2014 sss
1175 1961 1268 2033 quidm
1287 1964 1362 2032 ἔμω,
1381 1965 1430 2014 ns‘ss‘

364 2044 460 2115 vulgus
476 2041 637 2112 scriptorum
654 2037 791 2109 gracculos
809 2037 875 2092 fuso
914 2041 1000 2109 primis
1012 2038 1105 2094 duobus
1119 2045 1180 2093 odo
1193 2044 1271 2094 annu.
1285 2041 1367 2094 Abest
1375 2060 1429 2095 vox

364 2134 454 2186 vocat,
479 2120 518 2174 uti
537 2119 655 2174 dioemna
672 2117 721 2170 lib.
741 2117 798 2181 XI,
816 2135 875 2188 cap.
918 2136 950 2171 ea
963 2121 1013 2170 nisi
1026 2136 1043 2171 a
1058 2119 1136 2173 MSS.
1150 2138 1217 2191 quos
1231 2119 1342 2193 quidem
1355 2118 1428 2187 vidi,

292 2195 294 2208 '
367 2200 555 2256 sart-ue
570 2218 640 2250 corso
651 2197 782 2266 glandaria
795 2196 875 2249 Linn.
918 2197 1053 2251 omnibns.
1071 2198 1125 2252 Sed
1141 2198 1263 2253 eamdem
1279 2213 1306 2254 et
1322 2199 1430 2254 Solinus

365 2280 491 2346 (naulo.
498 2280 533 2342 48
540 2269 662 2349 r),vulgo
668 2281 726 2346 geni
731 2294 819 2330 sermo
828 2287 875 2329 est.
917 2277 1036 2347 agnoscit
1046 2288 1120 2332 etres
1128 2277 1185 2350 ipsa
1195 2279 1288 2350 exigit,
1300 2299 1384 2351 quum
1395 2279 1429 2335 sit

367 2359 420 2416 Sed
436 2359 478 2413 lais
497 2369 599 2411 tuntum
620 2356 666 2427 qui
687 2355 829 2408 monstrosi
851 2367 878 2408 et
919 2357 1036 2410 tenerior
1048 2369 1110 2411 satas
1125 2358 1211 2411 multo
1223 2359 1258 2412 ad
1270 2357 1429 2413 discendum

366 2439 553 2512 prodigiorum
580 2437 638 2489 vioe
673 2434 789 2489 habendi
815 2445 878 2488 aunt
919 2437 1424 2510 aptior:alnternobilesetignolsiles,·

365 2521 441 2592 quini
457 2516 533 2589 digiti
554 2516 582 2569 in
606 2513 878 2588 pedibusllarissimi
919 2515 1004 2586 inquit
1019 2516 1138 2583 Solinus,
1154 2517 1207 2570 loo.
1227 2518 1272 2573 cit.
1286 2516 1320 2571 ad
1338 2519 1430 2588 psitta-

298 2601 301 2608 ⁴
366 2599 474 2672 quidem
492 2598 519 2649 hi
533 2607 613 2660 aunt;
628 2613 714 2668 neque
728 2593 877 2666 quidquam
919 2613 965 2648 eos
987 2595 1144 2667 perperam,
1167 2608 1198 2650 ut
1221 2596 1349 2662 diximus,
1371 2597 1429 2652 lanc

367 2693 405 2733 est
422 2676 496 2732 unde
514 2677 563 2729 hoa
581 2687 659 2746 putes
679 2675 782 2728 facilius
797 2679 879 2745 qu'am
920 2674 1040 2728 Pliniana
1060 2675 1197 2739 misnens,
1217 2704 1229 2725 ι
1240 2675 1428 2730 dimtionem

365 2773 473 2814 cataros
493 2757 636 2808 humanam
654 2755 788 2826 loquelam
811 2751 878 2806 edo·
920 2751 1065 2826 digitorum
1075 2755 1138 2808 fucit
1147 2757 1350 2829 numerua:qui
1360 2777 1429 2829 pra·

366 2839 428 2892 ceri.
442 2839 561 2894 Curras.
919 2845 1006 2899 stant,
1022 2835 1118 2906 quinos
1129 2835 1158 2888 in
1172 2835 1255 2908 pedes
1271 2837 1370 2890 habent
1386 2835 1429 2889 di·

408 2918 434 2972 5.
455 2917 493 2969 Et
511 2919 575 2966 inesi-
592 2933 632 2964 sss
647 2911 762 2979 facilius,
778 2912 876 2984 quibus,
919 2913 1026 2982 gitos....
1047 2915 1119 2967 Dum
1137 2915 1167 2968 in
1183 2917 1259 2989 pullo
1276 2928 1330 2981 est,
1349 2929 1429 2988 atque

366 3011 419 3051 ete.
441 2993 629 3067 Imprudentes
652 2989 814 3056 admodum,
828 3009 878 3045 neo
919 2991 986 3045 adeo
1000 2993 1071 3046 intra
1086 2994 1199 3047 alterum
1214 2997 1297 3049 atatis
1311 3015 1365 3049 suas
1381 3014 1429 3048 an·

366 3097 381 3130 e
404 3093 493 3130 rerum
512 3085 623 3136 natum,
642 3089 672 3124 ea
690 3088 749 3142 quta
766 3087 827 3124 mox
841 3071 879 3124 ai·
918 3091 1002 3136 num,
1018 3091 1078 3145 quas
1090 3087 1233 3128 monstrata
1247 3087 1325 3140 sunt,
1345 3088 1372 3128 et
1386 3075 1427 3128 oi·

366 3157 489 3209 seruntur
504 3152 634 3212 aPlinio,
650 3149 683 3203 de
696 3151 816 3222 picarum
832 3169 878 3222 gs·
918 3151 973 3204 tius
996 3151 1093 3218 discit,
1122 3166 1149 3207 et
1167 3154 1263 3208 munet
1285 3154 1426 3208 tenacius:

365 3253 430 3289 nere
447 3233 561 3288 maxime
581 3230 677 3294 docili,
696 3228 730 3283 ad
751 3229 878 3299 psittacos
919 3232 1005 3303 major
1024 3232 1115 3304 pullo,
1135 3246 1173 3286 est
1191 3247 1219 3287 et
1240 3233 1384 3288 obliviosus
1401 3247 1428 3288 et

366 3313 498 3368 transtulit
509 3311 616 3366 Solinus
626 3328 684 3382 cap.
698 3329 741 3373 rr,
758 3326 818 3380 pag.
830 3311 878 3374 as,
918 3309 1051 3366 indocilis.
1063 3337 1074 3359 ι
1091 3311 1184 3366 Hann.

367 3408 393 3447 et
404 3394 527 3448 Soliunm
535 3403 638 3444 secutus
650 3388 832 3460 Apuleiuslib.
840 3391 877 3453 11,
960 3392 988 3444 8.
1018 3391 1113 3444 Lutior.
1137 3392 1217 3446 Arist.
1243 3391 1310 3446 llist.
1334 3391 1428 3446 Anim.

367 3472 630 3544 Floridpag.14:«
641 3465 789 3522 Verumad
800 3468 879 3522 disci·
918 3470 966 3523 lib.
978 3470 1019 3537 11,
1031 3489 1090 3542 cap.
1104 3470 1152 3537 15,
1163 3491 1222 3544 pag,
1236 3471 1291 3524 213
1302 3511 1309 3536 ,
1322 3484 1349 3524 et
1359 3472 1429 3525 Soli·

367 3552 482 3626 plinam,
501 3549 599 3620 inquit,
619 3548 731 3600 hnmani
748 3549 877 3601 sermonis
918 3567 987 3616 nns,
1000 3568 1058 3623 cap.
1073 3569 1116 3613 nr,
1132 3570 1193 3623 pag.
1208 3555 1255 3606 81.
1276 3551 1367 3604 nun.

366 3631 468 3686 facilior
479 3641 519 3684 est
533 3628 658 3700 psittacus
667 3627 714 3698 qui
725 3626 822 3698 glande
830 3645 877 3682 va·
960 3647 987 3697 9.
1017 3633 1157 3702 Agrippms
1183 3631 1290 3685 Cuudst.
1312 3631 1428 3702 Coniux.

366 3713 449 3766 suitur
461 3729 468 3764 ε
483 3721 510 3762 et
521 3709 598 3778 eujus
608 3708 636 3759 in
647 3705 775 3778 pedibus,
790 3720 822 3760 ut
830 3707 877 3760 lto·
918 3707 1011 3762 Haan.

365 3791 464 3856 minis,
492 3787 567 3860 quini
596 3785 702 3857 digituli
734 3804 875 3840 numeran-
962 3805 1004 3840 ro.
1027 3788 1248 3860 Coesumjnsssres,
1262 3790 1430 3844 Britannicus
1475 3836 1481 3842 .

365 3885 425 3934 tur,
438 3882 489 3924 eto.
501 3894 513 3915 ι
531 3869 622 3920 Haan.
918 3865 1026 3920 Claudii
1037 3868 1125 3932 iilius,
1145 3881 1172 3922 et
1193 3871 1265 3922 Nero
1281 3869 1427 3942 privignus.

405 3955 433 4005 6.
456 3949 550 4020 Quibus
566 3949 641 4017 quini.
658 3947 697 3998 Ut
719 3945 746 3997 in
764 3945 873 4015 quihus·
918 3945 1046 4000 Nondum
1053 3948 1082 4000 in
1091 3949 1340 4003 mentemllomauis
1350 3969 1429 4002 vene·

365 4029 427 4084 dam
444 4027 548 4100 gallinis
562 4023 810 4083 animadvertimus,
833 4043 875 4078 su·
917 4037 974 4092 rat,
992 4045 1008 4079 e
1029 4025 1134 4081 dnobus
1147 4027 1302 4098 pluribusve
1317 4029 1429 4083 casari-

364 4104 636 4181 perquamordigitos
646 4117 793 4160 transverso
801 4123 873 4159 uno:
918 4106 968 4158 bus
990 4106 1104 4177 aliquem
1129 4107 1267 4179 appellare
1289 4108 1431 4180 primum,
