<?xml version="1.0" encoding="UTF-8"?>
<!DOCTYPE html PUBLIC "-//W3C//DTD XHTML 1.0 Transitional//EN"
    "http://www.w3.org/TR/xhtml1/DTD/xhtml1-transitional.dtd">
<html xmlns="http://www.w3.org/1999/xhtml" xml:lang="en" lang="en">
 <head>
  <title>
</title>
<meta http-equiv="Content-Type" content="text/html;charset=utf-8" />
  <meta name='ocr-system' content='tesseract 3.04.00' />
  <meta name='ocr-capabilities' content='ocr_page ocr_carea ocr_par ocr_line ocrx_word'/>
</head>
<body>
  <div class='ocr_page' id='page_1' title='image "./caiipliniisecun03unkngoog_0212.png"; bbox 0 0 3200 5159; ppageno 0'>
   <div class='ocr_carea' id='block_1_1' title="bbox 352 487 1155 558">
    <p class='ocr_par' dir='ltr' id='par_1_1' title="bbox 352 487 1155 558">
     <span class='ocr_line' id='line_1_1' title="bbox 352 487 1155 558; baseline -0.002 0"><span class='ocrx_word' id='word_1_1' title='bbox 352 509 427 558; x_wconf 80' lang='lat' dir='ltr'>oon</span> <span class='ocrx_word' id='word_1_2' title='bbox 612 489 651 556; x_wconf 90' lang='lat' dir='ltr'>C.</span> <span class='ocrx_word' id='word_1_3' title='bbox 680 488 853 558; x_wconf 89' lang='lat' dir='ltr'>PLINll</span> <span class='ocrx_word' id='word_1_4' title='bbox 881 487 995 557; x_wconf 79' lang='lat' dir='ltr'>ttst.</span> <span class='ocrx_word' id='word_1_5' title='bbox 1025 489 1155 557; x_wconf 86' lang='lat' dir='ltr'>HIST.</span> 
     </span>
    </p>
   </div>
   <div class='ocr_carea' id='block_1_2' title="bbox 319 599 1418 1672">
    <p class='ocr_par' dir='ltr' id='par_1_2' title="bbox 348 599 1418 1140">
     <span class='ocr_line' id='line_1_2' title="bbox 348 599 1418 716; baseline 0.006 -28"><span class='ocrx_word' id='word_1_6' title='bbox 348 599 485 688; x_wconf 80' lang='lat' dir='ltr'>modum</span> <span class='ocrx_word' id='word_1_7' title='bbox 498 643 577 688; x_wconf 89' lang='lat' dir='ltr'>caro</span> <span class='ocrx_word' id='word_1_8' title='bbox 587 620 696 707; x_wconf 86' lang='lat' dir='ltr'>intus,</span> <span class='ocrx_word' id='word_1_9' title='bbox 713 634 807 690; x_wconf 84' lang='lat' dir='ltr'>extra</span> <span class='ocrx_word' id='word_1_10' title='bbox 821 619 957 690; x_wconf 87' lang='lat' dir='ltr'>duriore</span> <span class='ocrx_word' id='word_1_11' title='bbox 969 617 1084 690; x_wconf 87' lang='lat' dir='ltr'>callo².</span> <span class='ocrx_word' id='word_1_12' title='bbox 1093 620 1180 690; x_wconf 83' lang='lat' dir='ltr'>Huic</span> <span class='ocrx_word' id='word_1_13' title='bbox 1188 607 1418 716; x_wconf 78' lang='lat' dir='ltr'>tam³igneum</span> 
     </span>
     <span class='ocr_line' id='line_1_3' title="bbox 348 724 1418 817; baseline 0.006 -23"><span class='ocrx_word' id='word_1_14' title='bbox 348 724 513 795; x_wconf 83' lang='lat' dir='ltr'>fervorem</span> <span class='ocrx_word' id='word_1_15' title='bbox 531 747 601 794; x_wconf 83' lang='lat' dir='ltr'>esse</span> <span class='ocrx_word' id='word_1_16' title='bbox 622 725 773 812; x_wconf 88' lang='lat' dir='ltr'>tradunt,</span> <span class='ocrx_word' id='word_1_17' title='bbox 789 741 827 796; x_wconf 92' lang='lat' dir='ltr'>ut</span> <span class='ocrx_word' id='word_1_18' title='bbox 839 728 950 796; x_wconf 90' lang='lat' dir='ltr'>omnia</span> <span class='ocrx_word' id='word_1_19' title='bbox 962 727 997 794; x_wconf 91' lang='lat' dir='ltr'>in</span> <span class='ocrx_word' id='word_1_20' title='bbox 1010 728 1094 794; x_wconf 86' lang='lat' dir='ltr'>mari</span> <span class='ocrx_word' id='word_1_21' title='bbox 1113 739 1266 796; x_wconf 88' lang='lat' dir='ltr'>contacta</span> <span class='ocrx_word' id='word_1_22' title='bbox 1284 728 1418 817; x_wconf 89' lang='lat' dir='ltr'>adurat,</span> 
     </span>
     <span class='ocr_line' id='line_1_4' title="bbox 348 831 1417 930; baseline 0.003 -28"><span class='ocrx_word' id='word_1_23' title='bbox 348 855 482 902; x_wconf 86' lang='lat' dir='ltr'>omnem</span> <span class='ocrx_word' id='word_1_24' title='bbox 504 831 615 900; x_wconf 91' lang='lat' dir='ltr'>cibum</span> <span class='ocrx_word' id='word_1_25' title='bbox 632 835 743 902; x_wconf 88' lang='lat' dir='ltr'>statim</span> <span class='ocrx_word' id='word_1_26' title='bbox 768 848 915 928; x_wconf 87' lang='lat' dir='ltr'>peragat.</span> <span class='ocrx_word' id='word_1_27' title='bbox 935 832 1066 922; x_wconf 90' lang='lat' dir='ltr'>Quibus</span> <span class='ocrx_word' id='word_1_28' title='bbox 1083 834 1125 902; x_wconf 90' lang='lat' dir='ltr'>sit</span> <span class='ocrx_word' id='word_1_29' title='bbox 1153 832 1221 902; x_wconf 89' lang='lat' dir='ltr'>boo</span> <span class='ocrx_word' id='word_1_30' title='bbox 1243 838 1417 930; x_wconf 86' lang='lat' dir='ltr'>cognitum</span> 
     </span>
     <span class='ocr_line' id='line_1_5' title="bbox 349 937 1416 1031; baseline 0.007 -25"><span class='ocrx_word' id='word_1_31' title='bbox 349 939 594 1031; x_wconf 82' lang='lat' dir='ltr'>experimentis,</span> <span class='ocrx_word' id='word_1_32' title='bbox 616 937 707 1008; x_wconf 86' lang='lat' dir='ltr'>haud</span> <span class='ocrx_word' id='word_1_33' title='bbox 731 939 827 1009; x_wconf 83' lang='lat' dir='ltr'>facile.</span> <span class='ocrx_word' id='word_1_34' title='bbox 849 939 988 1008; x_wconf 81' lang='lat' dir='ltr'>dixerim</span> <span class='ocrx_word' id='word_1_35' title='bbox 1009 964 1017 1005; x_wconf 91' lang='lat'><strong>:</strong></span> <span class='ocrx_word' id='word_1_36' title='bbox 1037 938 1144 1009; x_wconf 90' lang='lat' dir='ltr'>multo</span> <span class='ocrx_word' id='word_1_37' title='bbox 1167 941 1416 1013; x_wconf 80' lang='lat' dir='ltr'>memorabdius</span> 
     </span>
     <span class='ocr_line' id='line_1_6' title="bbox 349 1043 1258 1140; baseline -0.002 -26"><span class='ocrx_word' id='word_1_38' title='bbox 349 1043 487 1114; x_wconf 79' lang='lat' dir='ltr'>dixerim</span> <span class='ocrx_word' id='word_1_39' title='bbox 501 1043 552 1130; x_wconf 85' lang='lat' dir='ltr'>id,</span> <span class='ocrx_word' id='word_1_40' title='bbox 564 1045 659 1138; x_wconf 84' lang='lat' dir='ltr'>cujus</span> <span class='ocrx_word' id='word_1_41' title='bbox 674 1045 863 1139; x_wconf 87' lang='lat' dir='ltr'>experiendi</span> <span class='ocrx_word' id='word_1_42' title='bbox 882 1045 1030 1140; x_wconf 82' lang='lat' dir='ltr'><strong>quotidie</strong></span> <span class='ocrx_word' id='word_1_43' title='bbox 1050 1047 1181 1116; x_wconf 80' lang='lat' dir='ltr'>occasio</span> <span class='ocrx_word' id='word_1_44' title='bbox 1198 1062 1258 1117; x_wconf 90' lang='lat' dir='ltr'>est.</span> 
     </span>
    </p>

    <p class='ocr_par' dir='ltr' id='par_1_3' title="bbox 319 1143 1416 1672">
     <span class='ocr_line' id='line_1_7' title="bbox 319 1143 1414 1248; baseline 0.005 -30"><span class='ocrx_word' id='word_1_45' title='bbox 319 1174 330 1209; x_wconf 87' lang='lat'>1</span> <span class='ocrx_word' id='word_1_46' title='bbox 405 1143 948 1244; x_wconf 75' lang='lat' dir='ltr'>t.xxxV11.(tx1.)conchsmm</span> <span class='ocrx_word' id='word_1_47' title='bbox 964 1177 982 1221; x_wconf 89' lang='lat' dir='ltr'>e</span> <span class='ocrx_word' id='word_1_48' title='bbox 997 1177 1117 1247; x_wconf 81' lang='lat' dir='ltr'>genere</span> <span class='ocrx_word' id='word_1_49' title='bbox 1133 1167 1211 1222; x_wconf 91' lang='lat' dir='ltr'>sunt</span> <span class='ocrx_word' id='word_1_50' title='bbox 1223 1152 1361 1248; x_wconf 83' lang='lat' dir='ltr'>dactyli¹</span> <span class='ocrx_word' id='word_1_51' title='bbox 1371 1156 1414 1224; x_wconf 93' lang='lat' dir='ltr'>ab</span> 
     </span>
     <span class='ocr_line' id='line_1_8' title="bbox 348 1257 1415 1353; baseline 0.004 -27"><span class='ocrx_word' id='word_1_52' title='bbox 348 1258 572 1328; x_wconf 85' lang='lat' dir='ltr'>bumanorum</span> <span class='ocrx_word' id='word_1_53' title='bbox 587 1260 749 1353; x_wconf 88' lang='lat' dir='ltr'>unguium</span> <span class='ocrx_word' id='word_1_54' title='bbox 767 1257 978 1328; x_wconf 80' lang='lat' dir='ltr'>similitudine</span> <span class='ocrx_word' id='word_1_55' title='bbox 990 1258 1154 1353; x_wconf 76' lang='lat' dir='ltr'>appellati.</span> <span class='ocrx_word' id='word_1_56' title='bbox 1174 1261 1235 1328; x_wconf 90' lang='lat' dir='ltr'>His</span> <span class='ocrx_word' id='word_1_57' title='bbox 1248 1274 1368 1330; x_wconf 89' lang='lat' dir='ltr'>natura</span> <span class='ocrx_word' id='word_1_58' title='bbox 1380 1263 1415 1330; x_wconf 93' lang='lat' dir='ltr'>in</span> 
     </span>
     <span class='ocr_line' id='line_1_9' title="bbox 349 1364 1414 1462; baseline 0.004 -30"><span class='ocrx_word' id='word_1_59' title='bbox 349 1364 493 1434; x_wconf 87' lang='lat' dir='ltr'>tenebris</span> <span class='ocrx_word' id='word_1_60' title='bbox 525 1379 654 1456; x_wconf 84' lang='lat' dir='ltr'>remoto</span> <span class='ocrx_word' id='word_1_61' title='bbox 679 1364 821 1451; x_wconf 84' lang='lat' dir='ltr'>lumine,</span> <span class='ocrx_word' id='word_1_62' title='bbox 842 1364 908 1434; x_wconf 91' lang='lat' dir='ltr'>alio</span> <span class='ocrx_word' id='word_1_63' title='bbox 934 1364 1061 1460; x_wconf 82' lang='lat' dir='ltr'>fulgere</span> <span class='ocrx_word' id='word_1_64' title='bbox 1090 1365 1208 1452; x_wconf 89' lang='lat' dir='ltr'>claro;</span> <span class='ocrx_word' id='word_1_65' title='bbox 1235 1380 1269 1435; x_wconf 87' lang='lat' dir='ltr'>et</span> <span class='ocrx_word' id='word_1_66' title='bbox 1289 1383 1414 1462; x_wconf 85' lang='lat' dir='ltr'>quanto</span> 
     </span>
     <span class='ocr_line' id='line_1_10' title="bbox 348 1471 1416 1565; baseline 0.002 -26"><span class='ocrx_word' id='word_1_67' title='bbox 348 1473 453 1565; x_wconf 87' lang='lat' dir='ltr'>magis</span> <span class='ocrx_word' id='word_1_68' title='bbox 468 1471 642 1540; x_wconf 86' lang='lat' dir='ltr'>humorem</span> <span class='ocrx_word' id='word_1_69' title='bbox 659 1471 821 1557; x_wconf 81' lang='lat' dir='ltr'>habeant,</span> <span class='ocrx_word' id='word_1_70' title='bbox 840 1471 951 1541; x_wconf 89' lang='lat' dir='ltr'>lucere</span> <span class='ocrx_word' id='word_1_71' title='bbox 968 1473 1003 1540; x_wconf 88' lang='lat' dir='ltr'>in</span> <span class='ocrx_word' id='word_1_72' title='bbox 1019 1497 1081 1541; x_wconf 87' lang='lat' dir='ltr'>ore</span> <span class='ocrx_word' id='word_1_73' title='bbox 1093 1471 1344 1557; x_wconf 80' lang='lat' dir='ltr'>mandentium,</span> <span class='ocrx_word' id='word_1_74' title='bbox 1368 1472 1416 1541; x_wconf 93' lang='lat' dir='ltr'>lu-</span> 
     </span>
     <span class='ocr_line' id='line_1_11' title="bbox 345 1577 1414 1672; baseline 0.001 -25"><span class='ocrx_word' id='word_1_75' title='bbox 345 1601 423 1647; x_wconf 85' lang='lat' dir='ltr'>cere</span> <span class='ocrx_word' id='word_1_76' title='bbox 441 1579 477 1646; x_wconf 91' lang='lat' dir='ltr'>in</span> <span class='ocrx_word' id='word_1_77' title='bbox 495 1577 668 1666; x_wconf 86' lang='lat' dir='ltr'>manibus,</span> <span class='ocrx_word' id='word_1_78' title='bbox 686 1591 786 1672; x_wconf 88' lang='lat' dir='ltr'>atque</span> <span class='ocrx_word' id='word_1_79' title='bbox 798 1581 899 1648; x_wconf 71' lang='lat' dir='ltr'>mium</span> <span class='ocrx_word' id='word_1_80' title='bbox 921 1580 957 1648; x_wconf 86' lang='lat' dir='ltr'>in</span> <span class='ocrx_word' id='word_1_81' title='bbox 975 1577 1047 1648; x_wconf 86' lang='lat' dir='ltr'>solo</span> <span class='ocrx_word' id='word_1_82' title='bbox 1065 1603 1105 1648; x_wconf 85' lang='lat' dir='ltr'>ac</span> <span class='ocrx_word' id='word_1_83' title='bbox 1126 1593 1237 1666; x_wconf 78' lang='lat' dir='ltr'>veste,</span> <span class='ocrx_word' id='word_1_84' title='bbox 1254 1579 1414 1649; x_wconf 87' lang='lat' dir='ltr'>deciden-</span> 
     </span>
    </p>
   </div>
   <div class='ocr_carea' id='block_1_3' title="bbox 226 1802 1415 4198">
    <p class='ocr_par' dir='ltr' id='par_1_4' title="bbox 226 1802 1415 4198">
     <span class='ocr_line' id='line_1_12' title="bbox 342 1802 1414 1885; baseline 0.002 -21"><span class='ocrx_word' id='word_1_85' title='bbox 342 1809 428 1883; x_wconf 77' lang='lat' dir='ltr'>figm</span> <span class='ocrx_word' id='word_1_86' title='bbox 437 1824 481 1864; x_wconf 82' lang='lat' dir='ltr'>est.</span> <span class='ocrx_word' id='word_1_87' title='bbox 495 1811 585 1864; x_wconf 84' lang='lat' dir='ltr'>Facies</span> <span class='ocrx_word' id='word_1_88' title='bbox 600 1813 657 1883; x_wconf 83' lang='lat' dir='ltr'>ejus</span> <span class='ocrx_word' id='word_1_89' title='bbox 674 1811 762 1865; x_wconf 83' lang='lat' dir='ltr'>stellas</span> <span class='ocrx_word' id='word_1_90' title='bbox 773 1809 858 1883; x_wconf 81' lang='lat' dir='ltr'>pictas</span> <span class='ocrx_word' id='word_1_91' title='bbox 906 1811 1046 1865; x_wconf 71' lang='lat' dir='ltr'>ePect&#39;mes</span> <span class='ocrx_word' id='word_1_92' title='bbox 1056 1810 1156 1864; x_wconf 85' lang='lat' dir='ltr'>inmari</span> <span class='ocrx_word' id='word_1_93' title='bbox 1164 1831 1196 1864; x_wconf 87' lang='lat' dir='ltr'>ex</span> <span class='ocrx_word' id='word_1_94' title='bbox 1207 1810 1302 1865; x_wconf 85' lang='lat' dir='ltr'>codem</span> <span class='ocrx_word' id='word_1_95' title='bbox 1317 1802 1414 1885; x_wconf 80' lang='lat' dir='ltr'>genere</span> 
     </span>
     <span class='ocr_line' id='line_1_13' title="bbox 348 1890 1413 1967; baseline 0.002 -22"><span class='ocrx_word' id='word_1_96' title='bbox 348 1891 744 1964; x_wconf 72' lang='lat' dir='ltr'>repreasentat‚ioquitdristot.</span> <span class='ocrx_word' id='word_1_97' title='bbox 757 1892 858 1945; x_wconf 81' lang='lat' dir='ltr'>llistcr.</span> <span class='ocrx_word' id='word_1_98' title='bbox 901 1890 1180 1957; x_wconf 83' lang='lat' dir='ltr'>habentur,reconditi</span> <span class='ocrx_word' id='word_1_99' title='bbox 1188 1905 1214 1944; x_wconf 88' lang='lat' dir='ltr'>et</span> <span class='ocrx_word' id='word_1_100' title='bbox 1222 1892 1303 1964; x_wconf 89' lang='lat' dir='ltr'>ipsiin</span> <span class='ocrx_word' id='word_1_101' title='bbox 1312 1893 1413 1967; x_wconf 89' lang='lat' dir='ltr'>maguis</span> 
     </span>
     <span class='ocr_line' id='line_1_14' title="bbox 351 1971 1413 2042; baseline 0.002 -18"><span class='ocrx_word' id='word_1_102' title='bbox 351 1972 440 2024; x_wconf 81' lang='lat' dir='ltr'>Anim.</span> <span class='ocrx_word' id='word_1_103' title='bbox 453 1971 500 2025; x_wconf 91' lang='lat' dir='ltr'>lib.</span> <span class='ocrx_word' id='word_1_104' title='bbox 513 1973 550 2038; x_wconf 83' lang='lat' dir='ltr'>V,</span> <span class='ocrx_word' id='word_1_105' title='bbox 560 1989 620 2041; x_wconf 86' lang='lat' dir='ltr'>cap.</span> <span class='ocrx_word' id='word_1_106' title='bbox 642 1979 689 2037; x_wconf 67' lang='lat' dir='ltr'>ri,</span> <span class='ocrx_word' id='word_1_107' title='bbox 703 1987 765 2042; x_wconf 88' lang='lat' dir='ltr'>pag.</span> <span class='ocrx_word' id='word_1_108' title='bbox 781 1971 857 2042; x_wconf 75' lang='lat'>⁵75:</span> <span class='ocrx_word' id='word_1_109' title='bbox 902 1971 1046 2041; x_wconf 81' lang='lat' dir='ltr'>frigoribus</span> <span class='ocrx_word' id='word_1_110' title='bbox 1061 1991 1092 2024; x_wconf 86' lang='lat' dir='ltr'>ac</span> <span class='ocrx_word' id='word_1_111' title='bbox 1107 1971 1209 2042; x_wconf 85' lang='lat' dir='ltr'>magnis</span> <span class='ocrx_word' id='word_1_112' title='bbox 1228 1973 1348 2035; x_wconf 64' lang='lat' dir='ltr'>ostibus,</span> <span class='ocrx_word' id='word_1_113' title='bbox 1362 1993 1413 2026; x_wconf 91' lang='lat' dir='ltr'>un-</span> 
     </span>
     <span class='ocr_line' id='line_1_15' title="bbox 348 2047 1415 2123; baseline 0.002 -19"><span class='ocrx_word' id='word_1_114' title='bbox 348 2054 398 2108; x_wconf 78' lang='lat' dir='ltr'>Tsis</span> <span class='ocrx_word' id='word_1_115' title='bbox 410 2047 439 2104; x_wconf 82' lang='lat' dir='ltr'>di</span> <span class='ocrx_word' id='word_1_116' title='bbox 449 2054 540 2122; x_wconf 71' lang='lat' dir='ltr'>poppis</span> <span class='ocrx_word' id='word_1_117' title='bbox 559 2051 640 2122; x_wconf 75' lang='grc' dir='ltr'>ὅμοιόν</span> <span class='ocrx_word' id='word_1_118' title='bbox 654 2053 690 2111; x_wconf 68' lang='lat' dir='ltr'>irs</span> <span class='ocrx_word' id='word_1_119' title='bbox 708 2053 756 2112; x_wconf 65' lang='lat' dir='ltr'>rei&lt;</span> <span class='ocrx_word' id='word_1_120' title='bbox 767 2069 859 2122; x_wconf 69' lang='lat' dir='ltr'>ppspo·</span> <span class='ocrx_word' id='word_1_121' title='bbox 902 2069 1019 2123; x_wconf 82' lang='lat' dir='ltr'>guesque</span> <span class='ocrx_word' id='word_1_122' title='bbox 1034 2052 1108 2105; x_wconf 79' lang='lat' dir='ltr'>velut</span> <span class='ocrx_word' id='word_1_123' title='bbox 1122 2053 1185 2122; x_wconf 87' lang='lat' dir='ltr'>igne</span> <span class='ocrx_word' id='word_1_124' title='bbox 1199 2051 1319 2105; x_wconf 83' lang='lat' dir='ltr'>lucentes</span> <span class='ocrx_word' id='word_1_125' title='bbox 1334 2053 1363 2104; x_wconf 90' lang='lat' dir='ltr'>in</span> <span class='ocrx_word' id='word_1_126' title='bbox 1376 2049 1415 2106; x_wconf 61' lang='lat' dir='ltr'>te&#39;·</span> 
     </span>
     <span class='ocr_line' id='line_1_16' title="bbox 350 2129 1408 2202; baseline -0.003 -18"><span class='ocrx_word' id='word_1_127' title='bbox 350 2133 438 2202; x_wconf 70' lang='grc' dir='ltr'>μένοις.</span> <span class='ocrx_word' id='word_1_128' title='bbox 448 2131 529 2184; x_wconf 87' lang='lat' dir='ltr'>Plura</span> <span class='ocrx_word' id='word_1_129' title='bbox 537 2149 626 2182; x_wconf 87' lang='lat' dir='ltr'>esrum</span> <span class='ocrx_word' id='word_1_130' title='bbox 637 2147 731 2201; x_wconf 83' lang='lat' dir='ltr'>genera</span> <span class='ocrx_word' id='word_1_131' title='bbox 741 2129 861 2202; x_wconf 77' lang='lat' dir='ltr'>depingit</span> <span class='ocrx_word' id='word_1_132' title='bbox 901 2131 1002 2197; x_wconf 86' lang='lat' dir='ltr'>nebris,</span> <span class='ocrx_word' id='word_1_133' title='bbox 1009 2132 1089 2184; x_wconf 88' lang='lat' dir='ltr'>etiam</span> <span class='ocrx_word' id='word_1_134' title='bbox 1099 2131 1129 2184; x_wconf 88' lang='lat' dir='ltr'>in</span> <span class='ocrx_word' id='word_1_135' title='bbox 1143 2150 1189 2184; x_wconf 89' lang='lat' dir='ltr'>ore</span> <span class='ocrx_word' id='word_1_136' title='bbox 1200 2131 1390 2186; x_wconf 74' lang='lat' dir='ltr'>mandentium.</span> <span class='ocrx_word' id='word_1_137' title='bbox 1397 2159 1408 2180; x_wconf 79' lang='lat'><strong>·</strong></span> 
     </span>
     <span class='ocr_line' id='line_1_17' title="bbox 348 2208 1412 2283; baseline 0 -19"><span class='ocrx_word' id='word_1_138' title='bbox 348 2208 751 2276; x_wconf 64' lang='lat' dir='ltr'>tondeteuu1,1ib.detnssot.</span> <span class='ocrx_word' id='word_1_139' title='bbox 768 2229 791 2262; x_wconf 88' lang='lat' dir='ltr'>c.</span> <span class='ocrx_word' id='word_1_140' title='bbox 814 2229 858 2276; x_wconf 88' lang='lat' dir='ltr'>rr,</span> <span class='ocrx_word' id='word_1_141' title='bbox 902 2211 996 2276; x_wconf 86' lang='lat' dir='ltr'>Quum</span> <span class='ocrx_word' id='word_1_142' title='bbox 1021 2211 1102 2283; x_wconf 89' lang='lat' dir='ltr'>igitur</span> <span class='ocrx_word' id='word_1_143' title='bbox 1125 2212 1179 2264; x_wconf 86' lang='lat' dir='ltr'>illic</span> <span class='ocrx_word' id='word_1_144' title='bbox 1201 2211 1301 2264; x_wconf 80' lang='lat' dir='ltr'>Plinius</span> <span class='ocrx_word' id='word_1_145' title='bbox 1318 2229 1412 2282; x_wconf 60' lang='lat' dir='ltr'>‘maes</span> 
     </span>
     <span class='ocr_line' id='line_1_18' title="bbox 351 2288 1412 2362; baseline 0.002 -20"><span class='ocrx_word' id='word_1_146' title='bbox 351 2309 399 2355; x_wconf 80' lang='lat' dir='ltr'>rs,</span> <span class='ocrx_word' id='word_1_147' title='bbox 417 2303 468 2344; x_wconf 90' lang='lat' dir='ltr'>etc.</span> <span class='ocrx_word' id='word_1_148' title='bbox 482 2291 516 2342; x_wconf 90' lang='lat' dir='ltr'>H.</span> <span class='ocrx_word' id='word_1_149' title='bbox 529 2319 568 2332; x_wconf 84' lang='lat'>—-</span> <span class='ocrx_word' id='word_1_150' title='bbox 579 2288 710 2342; x_wconf 78' lang='lat' dir='ltr'>Stellam...</span> <span class='ocrx_word' id='word_1_151' title='bbox 726 2309 795 2355; x_wconf 83' lang='lat' dir='ltr'>carc,</span> <span class='ocrx_word' id='word_1_152' title='bbox 808 2302 859 2343; x_wconf 86' lang='lat' dir='ltr'>ete.</span> <span class='ocrx_word' id='word_1_153' title='bbox 903 2291 1090 2361; x_wconf 79' lang='lat' dir='ltr'>appellaverit,</span> <span class='ocrx_word' id='word_1_154' title='bbox 1110 2309 1165 2343; x_wconf 88' lang='lat' dir='ltr'>noo</span> <span class='ocrx_word' id='word_1_155' title='bbox 1182 2303 1236 2355; x_wconf 87' lang='lat' dir='ltr'>est,</span> <span class='ocrx_word' id='word_1_156' title='bbox 1253 2289 1326 2362; x_wconf 85' lang='lat' dir='ltr'>quod</span> <span class='ocrx_word' id='word_1_157' title='bbox 1338 2290 1412 2345; x_wconf 86' lang='lat' dir='ltr'>credi</span> 
     </span>
     <span class='ocr_line' id='line_1_19' title="bbox 348 2361 1412 2442; baseline 0.003 -20"><span class='ocrx_word' id='word_1_158' title='bbox 348 2371 461 2423; x_wconf 79' lang='lat' dir='ltr'>Asterius</span> <span class='ocrx_word' id='word_1_159' title='bbox 475 2371 554 2423; x_wconf 89' lang='lat' dir='ltr'>Linn.</span> <span class='ocrx_word' id='word_1_160' title='bbox 573 2361 657 2442; x_wconf 78' lang='lat' dir='ltr'>(vulg.</span> <span class='ocrx_word' id='word_1_161' title='bbox 670 2370 740 2422; x_wconf 83' lang='lat' dir='ltr'>e&#39;toile</span> <span class='ocrx_word' id='word_1_162' title='bbox 753 2371 782 2421; x_wconf 79' lang='lat' dir='ltr'>ds</span> <span class='ocrx_word' id='word_1_163' title='bbox 798 2361 859 2439; x_wconf 84' lang='lat' dir='ltr'>mer)</span> <span class='ocrx_word' id='word_1_164' title='bbox 902 2368 997 2423; x_wconf 82' lang='lat' dir='ltr'>debeat</span> <span class='ocrx_word' id='word_1_165' title='bbox 1010 2371 1056 2424; x_wconf 88' lang='lat' dir='ltr'>bic</span> <span class='ocrx_word' id='word_1_166' title='bbox 1071 2371 1146 2422; x_wconf 82' lang='lat' dir='ltr'>velut</span> <span class='ocrx_word' id='word_1_167' title='bbox 1159 2383 1260 2423; x_wconf 86' lang='lat' dir='ltr'>mutato</span> <span class='ocrx_word' id='word_1_168' title='bbox 1273 2371 1412 2442; x_wconf 89' lang='lat' dir='ltr'>proposito</span> 
     </span>
     <span class='ocr_line' id='line_1_20' title="bbox 346 2448 1410 2521; baseline 0.001 -19"><span class='ocrx_word' id='word_1_169' title='bbox 346 2450 386 2504; x_wconf 88' lang='lat' dir='ltr'>nil</span> <span class='ocrx_word' id='word_1_170' title='bbox 400 2451 454 2502; x_wconf 83' lang='lat' dir='ltr'>fere</span> <span class='ocrx_word' id='word_1_171' title='bbox 468 2450 538 2502; x_wconf 89' lang='lat' dir='ltr'>intus</span> <span class='ocrx_word' id='word_1_172' title='bbox 550 2450 647 2513; x_wconf 85' lang='lat' dir='ltr'>habet,</span> <span class='ocrx_word' id='word_1_173' title='bbox 664 2449 713 2501; x_wconf 86' lang='lat' dir='ltr'>nisi</span> <span class='ocrx_word' id='word_1_174' title='bbox 724 2450 823 2502; x_wconf 85' lang='lat' dir='ltr'>viscera</span> <span class='ocrx_word' id='word_1_175' title='bbox 832 2461 860 2503; x_wconf 90' lang='lat' dir='ltr'>et</span> <span class='ocrx_word' id='word_1_176' title='bbox 902 2450 1021 2520; x_wconf 76' lang='lat' dir='ltr'>dactylos,</span> <span class='ocrx_word' id='word_1_177' title='bbox 1028 2450 1082 2503; x_wconf 86' lang='lat' dir='ltr'>boc</span> <span class='ocrx_word' id='word_1_178' title='bbox 1091 2463 1139 2513; x_wconf 86' lang='lat' dir='ltr'>est,</span> <span class='ocrx_word' id='word_1_179' title='bbox 1145 2448 1241 2521; x_wconf 85' lang='lat' dir='ltr'>digitos</span> <span class='ocrx_word' id='word_1_180' title='bbox 1250 2451 1410 2504; x_wconf 81' lang='lat' dir='ltr'>nominasse:</span> 
     </span>
     <span class='ocr_line' id='line_1_21' title="bbox 347 2527 1412 2602; baseline 0.002 -20"><span class='ocrx_word' id='word_1_181' title='bbox 347 2530 457 2598; x_wconf 85' lang='lat' dir='ltr'>oraria,</span> <span class='ocrx_word' id='word_1_182' title='bbox 481 2530 538 2582; x_wconf 84' lang='lat' dir='ltr'>sine</span> <span class='ocrx_word' id='word_1_183' title='bbox 559 2529 687 2584; x_wconf 88' lang='lat' dir='ltr'>musculis</span> <span class='ocrx_word' id='word_1_184' title='bbox 699 2530 746 2600; x_wconf 86' lang='lat' dir='ltr'>qui</span> <span class='ocrx_word' id='word_1_185' title='bbox 758 2527 859 2601; x_wconf 85' lang='lat' dir='ltr'>adspici</span> <span class='ocrx_word' id='word_1_186' title='bbox 902 2529 1057 2583; x_wconf 75' lang='lat' dir='ltr'>credibilius</span> <span class='ocrx_word' id='word_1_187' title='bbox 1073 2541 1111 2583; x_wconf 83' lang='lat' dir='ltr'>est</span> <span class='ocrx_word' id='word_1_188' title='bbox 1124 2527 1253 2600; x_wconf 82' lang='lat' dir='ltr'>adjectam</span> <span class='ocrx_word' id='word_1_189' title='bbox 1273 2529 1412 2602; x_wconf 81' lang='lat' dir='ltr'>abaliquo</span> 
     </span>
     <span class='ocr_line' id='line_1_22' title="bbox 345 2608 1413 2679; baseline 0.001 -18"><span class='ocrx_word' id='word_1_190' title='bbox 345 2611 455 2679; x_wconf 75' lang='lat' dir='ltr'>possint.</span> <span class='ocrx_word' id='word_1_191' title='bbox 473 2609 592 2662; x_wconf 79' lang='lat' dir='ltr'>Curras.</span> <span class='ocrx_word' id='word_1_192' title='bbox 901 2621 1001 2662; x_wconf 86' lang='lat' dir='ltr'>temere</span> <span class='ocrx_word' id='word_1_193' title='bbox 1013 2627 1070 2662; x_wconf 82' lang='lat' dir='ltr'>eam</span> <span class='ocrx_word' id='word_1_194' title='bbox 1082 2608 1237 2663; x_wconf 86' lang='lat' dir='ltr'>dictionem.</span> <span class='ocrx_word' id='word_1_195' title='bbox 1249 2609 1413 2676; x_wconf 77' lang='lat' dir='ltr'>Aristoteles,</span> 
     </span>
     <span class='ocr_line' id='line_1_23' title="bbox 388 2686 1411 2760; baseline 0.003 -20"><span class='ocrx_word' id='word_1_196' title='bbox 388 2707 414 2741; x_wconf 78' lang='lat' dir='ltr'>n.</span> <span class='ocrx_word' id='word_1_197' title='bbox 428 2689 532 2741; x_wconf 75' lang='lat' dir='ltr'>Dorion</span> <span class='ocrx_word' id='word_1_198' title='bbox 543 2689 615 2742; x_wconf 82' lang='lat' dir='ltr'>callo.</span> <span class='ocrx_word' id='word_1_199' title='bbox 624 2690 700 2740; x_wconf 88' lang='lat' dir='ltr'>Inter</span> <span class='ocrx_word' id='word_1_200' title='bbox 710 2686 858 2760; x_wconf 70' lang='lat' dir='ltr'>iepaeidsp·</span> <span class='ocrx_word' id='word_1_201' title='bbox 900 2689 971 2743; x_wconf 88' lang='lat' dir='ltr'>libro</span> <span class='ocrx_word' id='word_1_202' title='bbox 976 2689 1012 2752; x_wconf 84' lang='lat' dir='ltr'>V,</span> <span class='ocrx_word' id='word_1_203' title='bbox 1022 2709 1045 2742; x_wconf 94' lang='lat' dir='ltr'>c.</span> <span class='ocrx_word' id='word_1_204' title='bbox 1062 2687 1108 2752; x_wconf 84' lang='lat'>15,</span> <span class='ocrx_word' id='word_1_205' title='bbox 1124 2689 1218 2740; x_wconf 80' lang='lat' dir='ltr'>solenes</span> <span class='ocrx_word' id='word_1_206' title='bbox 1229 2707 1315 2760; x_wconf 74' lang='lat' dir='ltr'>grece</span> <span class='ocrx_word' id='word_1_207' title='bbox 1325 2701 1411 2752; x_wconf 85' lang='lat' dir='ltr'>vocat,</span> 
     </span>
     <span class='ocr_line' id='line_1_24' title="bbox 347 2762 1411 2839; baseline 0.002 -20"><span class='ocrx_word' id='word_1_208' title='bbox 347 2768 402 2836; x_wconf 78' lang='lat' dir='ltr'>pei,</span> <span class='ocrx_word' id='word_1_209' title='bbox 425 2786 472 2822; x_wconf 89' lang='lat' dir='ltr'>seu</span> <span class='ocrx_word' id='word_1_210' title='bbox 495 2767 611 2821; x_wconf 83' lang='lat' dir='ltr'>durioris</span> <span class='ocrx_word' id='word_1_211' title='bbox 632 2781 705 2822; x_wconf 70' lang='lat' dir='ltr'>testa</span> <span class='ocrx_word' id='word_1_212' title='bbox 719 2770 805 2839; x_wconf 81' lang='lat' dir='ltr'>pisces</span> <span class='ocrx_word' id='word_1_213' title='bbox 824 2771 858 2822; x_wconf 79' lang='lat' dir='ltr'>ab</span> <span class='ocrx_word' id='word_1_214' title='bbox 900 2767 1060 2822; x_wconf 87' lang='lat' dir='ltr'>Theodorus</span> <span class='ocrx_word' id='word_1_215' title='bbox 1072 2787 1163 2839; x_wconf 79' lang='lat' dir='ltr'>angues</span> <span class='ocrx_word' id='word_1_216' title='bbox 1173 2769 1260 2821; x_wconf 83' lang='lat' dir='ltr'>vertit.</span> <span class='ocrx_word' id='word_1_217' title='bbox 1276 2762 1411 2822; x_wconf 86' lang='lat' dir='ltr'>Dioscori-</span> 
     </span>
     <span class='ocr_line' id='line_1_25' title="bbox 347 2845 1411 2920; baseline 0.002 -21"><span class='ocrx_word' id='word_1_218' title='bbox 347 2846 490 2902; x_wconf 80' lang='lat' dir='ltr'>Aristotele</span> <span class='ocrx_word' id='word_1_219' title='bbox 506 2861 679 2902; x_wconf 85' lang='lat' dir='ltr'>numeratur:</span> <span class='ocrx_word' id='word_1_220' title='bbox 695 2850 730 2901; x_wconf 80' lang='lat' dir='ltr'>ab</span> <span class='ocrx_word' id='word_1_221' title='bbox 743 2849 857 2914; x_wconf 77' lang='lat' dir='ltr'>AEliano,</span> <span class='ocrx_word' id='word_1_222' title='bbox 900 2847 947 2902; x_wconf 88' lang='lat' dir='ltr'>des</span> <span class='ocrx_word' id='word_1_223' title='bbox 971 2848 1050 2902; x_wconf 85' lang='lat' dir='ltr'>etiam</span> <span class='ocrx_word' id='word_1_224' title='bbox 1076 2849 1148 2901; x_wconf 89' lang='lat' dir='ltr'>libro</span> <span class='ocrx_word' id='word_1_225' title='bbox 1167 2845 1301 2912; x_wconf 73' lang='lat' dir='ltr'>oecundo,</span> <span class='ocrx_word' id='word_1_226' title='bbox 1323 2849 1411 2920; x_wconf 87' lang='lat' dir='ltr'>eapite</span> 
     </span>
     <span class='ocr_line' id='line_1_26' title="bbox 346 2927 1408 2998; baseline 0.003 -18"><span class='ocrx_word' id='word_1_227' title='bbox 346 2927 415 2980; x_wconf 82' lang='lat' dir='ltr'>llist.</span> <span class='ocrx_word' id='word_1_228' title='bbox 429 2929 518 2980; x_wconf 79' lang='lat' dir='ltr'>Anim.</span> <span class='ocrx_word' id='word_1_229' title='bbox 535 2929 582 2981; x_wconf 92' lang='lat' dir='ltr'>lib.</span> <span class='ocrx_word' id='word_1_230' title='bbox 593 2929 643 2991; x_wconf 77' lang='lat' dir='ltr'>xi,</span> <span class='ocrx_word' id='word_1_231' title='bbox 656 2946 714 2998; x_wconf 78' lang='lat' dir='ltr'>cap.</span> <span class='ocrx_word' id='word_1_232' title='bbox 732 2948 778 2991; x_wconf 77' lang='lat' dir='ltr'>ss,</span> <span class='ocrx_word' id='word_1_233' title='bbox 787 2929 857 2980; x_wconf 85' lang='lat' dir='ltr'>inter</span> <span class='ocrx_word' id='word_1_234' title='bbox 900 2941 1008 2994; x_wconf 75' lang='lat' dir='ltr'>octavo,</span> <span class='ocrx_word' id='word_1_235' title='bbox 1018 2927 1130 2981; x_wconf 77' lang='lat' dir='ltr'>combam</span> <span class='ocrx_word' id='word_1_236' title='bbox 1143 2929 1272 2998; x_wconf 71' lang='lat' dir='ltr'>anysium,</span> <span class='ocrx_word' id='word_1_237' title='bbox 1284 2929 1339 2981; x_wconf 91' lang='lat' dir='ltr'>hoc</span> <span class='ocrx_word' id='word_1_238' title='bbox 1353 2940 1408 2985; x_wconf 71' lang='lat' dir='ltr'>est,</span> 
     </span>
     <span class='ocr_line' id='line_1_27' title="bbox 226 3007 1408 3080; baseline 0.001 -20"><span class='ocrx_word' id='word_1_239' title='bbox 226 3017 230 3025; x_wconf 78' lang='grc'><strong>“</strong></span> <span class='ocrx_word' id='word_1_240' title='bbox 346 3009 537 3078; x_wconf 62' lang='lat' dir='ltr'>putarimus,</span> <span class='ocrx_word' id='word_1_241' title='bbox 550 3007 681 3061; x_wconf 88' lang='lat' dir='ltr'>seumolli</span> <span class='ocrx_word' id='word_1_242' title='bbox 694 3020 779 3061; x_wconf 87' lang='lat' dir='ltr'>crusta</span> <span class='ocrx_word' id='word_1_243' title='bbox 793 3025 857 3061; x_wconf 91' lang='lat' dir='ltr'>cou-</span> <span class='ocrx_word' id='word_1_244' title='bbox 900 3027 1019 3078; x_wconf 62' lang='lat' dir='ltr'>uppem,</span> <span class='ocrx_word' id='word_1_245' title='bbox 1048 3009 1180 3080; x_wconf 83' lang='lat' dir='ltr'>appellat,</span> <span class='ocrx_word' id='word_1_246' title='bbox 1214 3010 1290 3077; x_wconf 78' lang='lat' dir='ltr'>cujus</span> <span class='ocrx_word' id='word_1_247' title='bbox 1317 3007 1408 3061; x_wconf 83' lang='lat' dir='ltr'>suffitu</span> 
     </span>
     <span class='ocr_line' id='line_1_28' title="bbox 346 3085 1410 3158; baseline 0.001 -19"><span class='ocrx_word' id='word_1_248' title='bbox 346 3099 437 3140; x_wconf 83' lang='lat' dir='ltr'>tectos.</span> <span class='ocrx_word' id='word_1_249' title='bbox 452 3089 543 3140; x_wconf 76' lang='lat' dir='ltr'>ilino.</span> <span class='ocrx_word' id='word_1_250' title='bbox 899 3088 1132 3158; x_wconf 79' lang='lat' dir='ltr'>strangulationem</span> <span class='ocrx_word' id='word_1_251' title='bbox 1145 3085 1286 3139; x_wconf 77' lang='lat' dir='ltr'>vulvarum</span> <span class='ocrx_word' id='word_1_252' title='bbox 1297 3087 1370 3154; x_wconf 88' lang='lat' dir='ltr'>tolli,</span> <span class='ocrx_word' id='word_1_253' title='bbox 1383 3101 1410 3140; x_wconf 86' lang='lat' dir='ltr'>et</span> 
     </span>
     <span class='ocr_line' id='line_1_29' title="bbox 388 3165 1410 3238; baseline -0.001 -19"><span class='ocrx_word' id='word_1_254' title='bbox 388 3167 414 3220; x_wconf 82' lang='grc'>3.</span> <span class='ocrx_word' id='word_1_255' title='bbox 428 3167 495 3219; x_wconf 81' lang='lat' dir='ltr'>Huic</span> <span class='ocrx_word' id='word_1_256' title='bbox 511 3179 559 3219; x_wconf 81' lang='lat' dir='ltr'>tam</span> <span class='ocrx_word' id='word_1_257' title='bbox 571 3169 674 3236; x_wconf 80' lang='lat' dir='ltr'>igneum.</span> <span class='ocrx_word' id='word_1_258' title='bbox 687 3165 854 3220; x_wconf 65' lang='lat' dir='ltr'>Aristonis.</span> <span class='ocrx_word' id='word_1_259' title='bbox 899 3169 1006 3221; x_wconf 83' lang='lat' dir='ltr'>excitari</span> <span class='ocrx_word' id='word_1_260' title='bbox 1026 3167 1172 3221; x_wconf 73' lang='lat' dir='ltr'>comitiales</span> <span class='ocrx_word' id='word_1_261' title='bbox 1187 3165 1288 3220; x_wconf 79' lang='lat' dir='ltr'>scribit.</span> <span class='ocrx_word' id='word_1_262' title='bbox 1302 3165 1410 3238; x_wconf 83' lang='lat' dir='ltr'>Repetit</span> 
     </span>
     <span class='ocr_line' id='line_1_30' title="bbox 345 3243 1409 3318; baseline 0.001 -21"><span class='ocrx_word' id='word_1_263' title='bbox 345 3243 438 3298; x_wconf 88' lang='lat' dir='ltr'>iisdem</span> <span class='ocrx_word' id='word_1_264' title='bbox 445 3247 722 3315; x_wconf 77' lang='lat' dir='ltr'>verbile—-lgmessm</span> <span class='ocrx_word' id='word_1_265' title='bbox 726 3247 856 3313; x_wconf 72' lang='lat' dir='ltr'>firtonis.</span> <span class='ocrx_word' id='word_1_266' title='bbox 897 3247 968 3300; x_wconf 85' lang='lat' dir='ltr'>idem</span> <span class='ocrx_word' id='word_1_267' title='bbox 980 3248 1077 3300; x_wconf 84' lang='lat' dir='ltr'>Paulus</span> <span class='ocrx_word' id='word_1_268' title='bbox 1089 3246 1213 3317; x_wconf 84' lang='lat' dir='ltr'>septimo,</span> <span class='ocrx_word' id='word_1_269' title='bbox 1225 3265 1315 3315; x_wconf 79' lang='lat' dir='ltr'>angues</span> <span class='ocrx_word' id='word_1_270' title='bbox 1329 3265 1409 3318; x_wconf 91' lang='lat' dir='ltr'>oper-</span> 
     </span>
     <span class='ocr_line' id='line_1_31' title="bbox 346 3325 1408 3398; baseline 0 -20"><span class='ocrx_word' id='word_1_271' title='bbox 346 3338 396 3379; x_wconf 87' lang='lat' dir='ltr'>eto.</span> <span class='ocrx_word' id='word_1_272' title='bbox 424 3325 521 3379; x_wconf 86' lang='lat' dir='ltr'>Merito</span> <span class='ocrx_word' id='word_1_273' title='bbox 546 3326 647 3378; x_wconf 84' lang='lat' dir='ltr'>Plinius</span> <span class='ocrx_word' id='word_1_274' title='bbox 670 3325 754 3379; x_wconf 87' lang='lat' dir='ltr'>nescit</span> <span class='ocrx_word' id='word_1_275' title='bbox 776 3345 855 3398; x_wconf 79' lang='lat' dir='ltr'>qnam</span> <span class='ocrx_word' id='word_1_276' title='bbox 897 3327 987 3381; x_wconf 88' lang='lat' dir='ltr'>culum</span> <span class='ocrx_word' id='word_1_277' title='bbox 998 3346 1052 3380; x_wconf 87' lang='lat' dir='ltr'>esse</span> <span class='ocrx_word' id='word_1_278' title='bbox 1061 3325 1166 3380; x_wconf 85' lang='lat' dir='ltr'>tradens</span> <span class='ocrx_word' id='word_1_279' title='bbox 1175 3325 1330 3380; x_wconf 90' lang='lat' dir='ltr'>Indicorum</span> <span class='ocrx_word' id='word_1_280' title='bbox 1340 3344 1408 3379; x_wconf 89' lang='lat' dir='ltr'>con·</span> 
     </span>
     <span class='ocr_line' id='line_1_32' title="bbox 345 3403 1408 3479; baseline 0 -22"><span class='ocrx_word' id='word_1_281' title='bbox 345 3406 528 3458; x_wconf 82' lang='lat' dir='ltr'>auctoritatem</span> <span class='ocrx_word' id='word_1_282' title='bbox 542 3406 599 3458; x_wconf 81' lang='lat' dir='ltr'>baec</span> <span class='ocrx_word' id='word_1_283' title='bbox 610 3403 658 3458; x_wconf 87' lang='lat' dir='ltr'>dos</span> <span class='ocrx_word' id='word_1_284' title='bbox 673 3424 764 3476; x_wconf 70' lang='lat' dir='ltr'>prose</span> <span class='ocrx_word' id='word_1_285' title='bbox 778 3407 854 3460; x_wconf 81' lang='lat' dir='ltr'>ierat.</span> <span class='ocrx_word' id='word_1_286' title='bbox 897 3409 1067 3479; x_wconf 88' lang='lat' dir='ltr'>chyliorum,</span> <span class='ocrx_word' id='word_1_287' title='bbox 1089 3423 1203 3477; x_wconf 87' lang='lat' dir='ltr'>quorum</span> <span class='ocrx_word' id='word_1_288' title='bbox 1226 3405 1318 3458; x_wconf 86' lang='lat' dir='ltr'>suffitu</span> <span class='ocrx_word' id='word_1_289' title='bbox 1337 3406 1408 3459; x_wconf 83' lang='lat' dir='ltr'>exci-</span> 
     </span>
     <span class='ocr_line' id='line_1_33' title="bbox 345 3483 1408 3557; baseline 0.003 -22"><span class='ocrx_word' id='word_1_290' title='bbox 345 3483 438 3556; x_wconf 85' lang='lat' dir='ltr'>Neqne</span> <span class='ocrx_word' id='word_1_291' title='bbox 453 3486 524 3539; x_wconf 84' lang='lat' dir='ltr'>enim</span> <span class='ocrx_word' id='word_1_292' title='bbox 536 3503 599 3538; x_wconf 81' lang='lat' dir='ltr'>vere</span> <span class='ocrx_word' id='word_1_293' title='bbox 612 3485 657 3538; x_wconf 81' lang='lat' dir='ltr'>ille</span> <span class='ocrx_word' id='word_1_294' title='bbox 671 3503 799 3557; x_wconf 84' lang='lat' dir='ltr'>umquam</span> <span class='ocrx_word' id='word_1_295' title='bbox 811 3502 856 3539; x_wconf 81' lang='lat' dir='ltr'>ex·</span> <span class='ocrx_word' id='word_1_296' title='bbox 898 3500 988 3540; x_wconf 83' lang='lat' dir='ltr'>rentur</span> <span class='ocrx_word' id='word_1_297' title='bbox 1009 3486 1095 3538; x_wconf 79' lang='lat' dir='ltr'>vulvae</span> <span class='ocrx_word' id='word_1_298' title='bbox 1110 3484 1318 3556; x_wconf 72' lang='lat' dir='ltr'>strangulatione</span> <span class='ocrx_word' id='word_1_299' title='bbox 1332 3485 1408 3538; x_wconf 75' lang='lat' dir='ltr'>labo·</span> 
     </span>
     <span class='ocr_line' id='line_1_34' title="bbox 343 3564 1408 3637; baseline 0.001 -21"><span class='ocrx_word' id='word_1_300' title='bbox 343 3565 418 3618; x_wconf 88' lang='lat' dir='ltr'>stitit.</span> <span class='ocrx_word' id='word_1_301' title='bbox 434 3565 550 3619; x_wconf 75' lang='lat' dir='ltr'>Currus.</span> <span class='ocrx_word' id='word_1_302' title='bbox 897 3579 1000 3630; x_wconf 84' lang='lat' dir='ltr'>rantes,</span> <span class='ocrx_word' id='word_1_303' title='bbox 1013 3579 1039 3618; x_wconf 88' lang='lat' dir='ltr'>et</span> <span class='ocrx_word' id='word_1_304' title='bbox 1051 3564 1187 3637; x_wconf 88' lang='lat' dir='ltr'>epileptici</span> <span class='ocrx_word' id='word_1_305' title='bbox 1200 3584 1206 3618; x_wconf 89' lang='lat'>:</span> <span class='ocrx_word' id='word_1_306' title='bbox 1221 3565 1284 3618; x_wconf 87' lang='lat' dir='ltr'>item</span> <span class='ocrx_word' id='word_1_307' title='bbox 1296 3577 1408 3637; x_wconf 89' lang='lat' dir='ltr'>epotum</span> 
     </span>
     <span class='ocr_line' id='line_1_35' title="bbox 383 3643 1406 3717; baseline 0.003 -23"><span class='ocrx_word' id='word_1_308' title='bbox 383 3645 547 3698; x_wconf 81' lang='lat' dir='ltr'>Lxxxvtt.</span> <span class='ocrx_word' id='word_1_309' title='bbox 561 3663 583 3698; x_wconf 89' lang='lat'>1.</span> <span class='ocrx_word' id='word_1_310' title='bbox 592 3645 855 3717; x_wconf 80' lang='lat' dir='ltr'>Coneboramegenere</span> <span class='ocrx_word' id='word_1_311' title='bbox 897 3659 1017 3699; x_wconf 80' lang='lat' dir='ltr'>ventrem</span> <span class='ocrx_word' id='word_1_312' title='bbox 1029 3643 1237 3698; x_wconf 79' lang='lat' dir='ltr'>ciere.l‘tsr.-</span> <span class='ocrx_word' id='word_1_313' title='bbox 1245 3645 1355 3717; x_wconf 71' lang='lat' dir='ltr'>Docti-li.</span> <span class='ocrx_word' id='word_1_314' title='bbox 1366 3645 1406 3697; x_wconf 86' lang='lat' dir='ltr'>De</span> 
     </span>
     <span class='ocr_line' id='line_1_36' title="bbox 343 3723 1409 3796; baseline 0.003 -23"><span class='ocrx_word' id='word_1_315' title='bbox 343 3735 399 3774; x_wconf 81' lang='lat' dir='ltr'>sumt</span> <span class='ocrx_word' id='word_1_316' title='bbox 417 3725 509 3794; x_wconf 73' lang='lat' dir='ltr'>dactyli</span> <span class='ocrx_word' id='word_1_317' title='bbox 526 3725 726 3778; x_wconf 73' lang='lat' dir='ltr'>oblatratorum</span> <span class='ocrx_word' id='word_1_318' title='bbox 737 3729 853 3796; x_wconf 59' lang='lat' dir='ltr'>ungriam</span> <span class='ocrx_word' id='word_1_319' title='bbox 895 3725 1228 3795; x_wconf 81' lang='lat' dir='ltr'>bisdictmitestsuperius,</span> <span class='ocrx_word' id='word_1_320' title='bbox 1236 3723 1409 3796; x_wconf 77' lang='lat' dir='ltr'>cap·51.Cur</span> 
     </span>
     <span class='ocr_line' id='line_1_37' title="bbox 341 3795 1406 3876; baseline 0.002 -22"><span class='ocrx_word' id='word_1_321' title='bbox 341 3805 497 3857; x_wconf 74' lang='lat' dir='ltr'>similitudine</span> <span class='ocrx_word' id='word_1_322' title='bbox 518 3804 642 3876; x_wconf 83' lang='lat' dir='ltr'>appellati.</span> <span class='ocrx_word' id='word_1_323' title='bbox 652 3795 792 3869; x_wconf 79' lang='lat' dir='ltr'>Vei-bum,</span> <span class='ocrx_word' id='word_1_324' title='bbox 808 3806 852 3857; x_wconf 78' lang='lat' dir='ltr'>da·</span> <span class='ocrx_word' id='word_1_325' title='bbox 895 3819 983 3858; x_wconf 85' lang='lat' dir='ltr'>autern</span> <span class='ocrx_word' id='word_1_326' title='bbox 1002 3805 1035 3858; x_wconf 87' lang='lat' dir='ltr'>ab</span> <span class='ocrx_word' id='word_1_327' title='bbox 1052 3805 1231 3858; x_wconf 87' lang='lat' dir='ltr'>humanorum</span> <span class='ocrx_word' id='word_1_328' title='bbox 1254 3805 1341 3876; x_wconf 89' lang='lat' dir='ltr'>potius</span> <span class='ocrx_word' id='word_1_329' title='bbox 1355 3823 1406 3856; x_wconf 90' lang='lat' dir='ltr'>un·</span> 
     </span>
     <span class='ocr_line' id='line_1_38' title="bbox 342 3881 1409 3956; baseline 0.002 -22"><span class='ocrx_word' id='word_1_330' title='bbox 342 3883 852 3956; x_wconf 57' lang='lat' dir='ltr'>ctyls‘mdjeotitiumopinamur.Reliqua</span> <span class='ocrx_word' id='word_1_331' title='bbox 892 3881 1409 3956; x_wconf 77' lang='lat' dir='ltr'>guium,quamdigitorumsimilitutline</span> 
     </span>
     <span class='ocr_line' id='line_1_39' title="bbox 341 3964 1407 4038; baseline 0.001 -24"><span class='ocrx_word' id='word_1_332' title='bbox 341 3964 380 4016; x_wconf 88' lang='lat' dir='ltr'>sic</span> <span class='ocrx_word' id='word_1_333' title='bbox 390 3965 511 4036; x_wconf 85' lang='lat' dir='ltr'>legimus,</span> <span class='ocrx_word' id='word_1_334' title='bbox 524 3966 665 4018; x_wconf 75' lang='lat' dir='ltr'>coacturum</span> <span class='ocrx_word' id='word_1_335' title='bbox 672 3986 685 4016; x_wconf 85' lang='lat' dir='ltr'>e</span> <span class='ocrx_word' id='word_1_336' title='bbox 692 3985 778 4036; x_wconf 82' lang='lat' dir='ltr'>genere</span> <span class='ocrx_word' id='word_1_337' title='bbox 787 3977 853 4030; x_wconf 82' lang='lat' dir='ltr'>sant,</span> <span class='ocrx_word' id='word_1_338' title='bbox 895 3966 1075 4038; x_wconf 81' lang='lat' dir='ltr'>appellentur,</span> <span class='ocrx_word' id='word_1_339' title='bbox 1082 3983 1165 4036; x_wconf 89' lang='lat' dir='ltr'>quum</span> <span class='ocrx_word' id='word_1_340' title='bbox 1176 3964 1290 4035; x_wconf 85' lang='lat' dir='ltr'>oblonga</span> <span class='ocrx_word' id='word_1_341' title='bbox 1298 3964 1407 4016; x_wconf 86' lang='lat' dir='ltr'>concbse</span> 
     </span>
     <span class='ocr_line' id='line_1_40' title="bbox 340 4043 1403 4117; baseline 0.002 -25"><span class='ocrx_word' id='word_1_342' title='bbox 340 4043 372 4093; x_wconf 81' lang='lat' dir='ltr'>ab</span> <span class='ocrx_word' id='word_1_343' title='bbox 394 4046 548 4098; x_wconf 75' lang='lat' dir='ltr'>liumurs&#39;orum</span> <span class='ocrx_word' id='word_1_344' title='bbox 568 4045 740 4108; x_wconf 80' lang='lat' dir='ltr'>similitudine,</span> <span class='ocrx_word' id='word_1_345' title='bbox 762 4063 853 4112; x_wconf 76' lang='lat' dir='ltr'>angues</span> <span class='ocrx_word' id='word_1_346' title='bbox 896 4044 983 4116; x_wconf 85' lang='lat' dir='ltr'>ligura</span> <span class='ocrx_word' id='word_1_347' title='bbox 995 4043 1106 4117; x_wconf 77' lang='lat' dir='ltr'>digitum</span> <span class='ocrx_word' id='word_1_348' title='bbox 1118 4043 1403 4115; x_wconf 84' lang='lat' dir='ltr'>magisreferat,quam</span> 
     </span>
     <span class='ocr_line' id='line_1_41' title="bbox 339 4121 1405 4198; baseline 0.002 -26"><span class='ocrx_word' id='word_1_349' title='bbox 339 4125 464 4194; x_wconf 81' lang='lat' dir='ltr'>appellati.</span> <span class='ocrx_word' id='word_1_350' title='bbox 483 4125 585 4179; x_wconf 86' lang='lat' dir='ltr'>Plinius</span> <span class='ocrx_word' id='word_1_351' title='bbox 605 4143 686 4196; x_wconf 82' lang='lat' dir='ltr'>supra</span> <span class='ocrx_word' id='word_1_352' title='bbox 708 4141 765 4195; x_wconf 91' lang='lat' dir='ltr'>cap.</span> <span class='ocrx_word' id='word_1_353' title='bbox 789 4125 850 4180; x_wconf 79' lang='lat'>33:</span> <span class='ocrx_word' id='word_1_354' title='bbox 897 4143 1024 4198; x_wconf 87' lang='lat' dir='ltr'>unguem,</span> <span class='ocrx_word' id='word_1_355' title='bbox 1042 4138 1067 4178; x_wconf 89' lang='lat' dir='ltr'>et</span> <span class='ocrx_word' id='word_1_356' title='bbox 1077 4121 1198 4183; x_wconf 74' lang='grc' dir='ltr'>δάκτυλος</span> <span class='ocrx_word' id='word_1_357' title='bbox 1211 4141 1295 4193; x_wconf 82' lang='lat' dir='ltr'>graece</span> <span class='ocrx_word' id='word_1_358' title='bbox 1305 4121 1405 4193; x_wconf 86' lang='lat' dir='ltr'>digitus</span> 
     </span>
    </p>
   </div>
   <div class='ocr_carea' id='block_1_4' title="bbox 0 0 1604 5159">
    <p class='ocr_par' dir='ltr' id='par_1_5' title="bbox 0 0 1604 5159">
     <span class='ocr_line' id='line_1_42' title="bbox 0 0 1604 5159; baseline 0 5"><span class='ocrx_word' id='word_1_359' title='bbox 0 0 1604 5159; x_wconf 95' lang='lat' dir='ltr'> </span> 
     </span>
    </p>
   </div>
  </div>
 </body>
</html>
