3200 5159
510 465 514 471 ¹
587 520 838 592 cruunxr.
939 592 943 598 ,
1172 518 1246 616 573

181 679 214 734 ot
226 664 291 732 hoc
308 662 341 730 in
360 657 506 730 muribus
525 641 685 742 tantum⁸,
698 654 825 722 viscera
841 651 940 720 etiam
963 652 1120 720 interiora
1136 655 1247 721 omnin

181 769 222 838 od
242 765 418 864 exemplar.

236 879 292 945 Cl.
313 864 422 968 (xcv.)
441 873 580 966 Ungues
596 863 749 936 clausulae
765 861 962 932 nervorum¹
978 887 1115 932 summae
1134 865 1246 934 existi·
1267 899 1279 932 1

180 998 324 1056 mantus.
350 978 514 1049 Omnibus
534 971 607 1058 hi²‚
621 970 741 1066 quibus
755 983 789 1038 et
800 969 904 1062 digiti.
926 967 992 1038 Sed
1011 970 1113 1038 simiae
1129 971 1245 1040 imbri.

181 1075 280 1176 coti³‚
307 1084 496 1158 hominibus
517 1079 595 1166 lati,
616 1093 651 1148 et
665 1063 846 1148 defuncto⁴
862 1089 1045 1145 crescunt:
1072 1079 1247 1171 rapacibus

181 1197 279 1279 unci,
298 1194 423 1266 caeteris
440 1189 542 1272 recti,
562 1200 600 1256 ut
617 1183 771 1269 canibus,
793 1195 913 1276 praetcr
934 1205 1010 1248 eum
1030 1183 1087 1275 qui
1110 1206 1129 1251 a
1149 1208 1246 1252 crure

181 1304 346 1400 plerisque
363 1294 537 1393 dependet.
563 1292 685 1363 Omnia
702 1273 844 1418 dipitos⁵
862 1285 1010 1372 habent,
1035 1312 1108 1382 quae
1126 1288 1247 1383 pedes,

181 1422 319 1502 excepto
333 1403 519 1501 elephanto.
544 1400 632 1470 Huic
647 1397 735 1466 enirn
770 1392 945 1478 informes,
961 1417 1101 1462 numero
1114 1395 1247 1489 quidem

181 1518 326 1612 quinque
336 1567 346 1600 ‚
356 1509 412 1582 sed
423 1507 552 1581 indivisi
563 1558 572 1590 ‚
584 1529 623 1574 ac
637 1501 753 1572 leviter
762 1499 896 1569 discreti
910 1521 918 1564 :
934 1496 1146 1594 ungulisque,
1156 1500 1246 1570 haud

182 1620 349 1719 unguibus
367 1614 489 1686 similes
507 1638 514 1680 :
533 1627 567 1682 et
579 1609 680 1707 pedes
697 1607 839 1700 majores
857 1603 1011 1700 priores⁷.
1027 1607 1068 1673 In
1084 1608 1246 1700 posterio.

181 1729 273 1800 ribus
288 1719 417 1794 articuli
432 1705 577 1790 breves⁸.
592 1715 685 1787 Idem
700 1710 862 1809 poplitcs⁹
880 1713 969 1780 intus
984 1711 1087 1780 flectit
1100 1711 1245 1783 hominis
1308 1755 1313 1768 ·

181 1831 291 1906 modo.
307 1835 435 1903 Cetera
454 1824 624 1912 animalia,
643 1824 678 1891 iu
690 1816 888 1889 diversum¹⁰
905 1819 1143 1912 posterioribus
1162 1823 1245 1890 arti·
1329 1899 1333 1906 Ι

217 1989 244 2042 8.
260 1991 293 2040 Et
304 1989 351 2038 itoe
368 1986 392 2034 t'n
414 1983 521 2033 maribus
534 1993 637 2030 numm.
659 1981 689 2028 Et
778 1985 804 2038 3,
814 1981 1095 2036 &mmmmm
1104 1984 1247 2042 imbricum

180 2069 232 2122 hoc
255 2066 376 2141 genitalis
397 2062 540 2116 discrimen
557 2060 585 2112 iu
611 2057 690 2110 uteris
735 2063 848 2116 curviet
864 2061 1008 2114 convoluti.
1019 2061 1109 2116 Hirro.

181 2153 284 2202 turtum
302 2144 409 2219 genitali
432 2141 605 2214 agnoscitur:
628 2155 690 2190 nstn
777 2149 804 2206 4.
826 2141 950 2208 Defuncto
969 2155 1084 2195 cressum.
1107 2143 1248 2197 llstiouem

181 2227 285 2280 l'erniuu
293 2225 403 2297 genitale
414 2221 534 2276 muliebri
545 2218 632 2292 specis
641 2229 689 2272 est:
733 2219 796 2275 vide
806 2219 877 2292 epod
891 2219 1006 2292 Rhodig.
1020 2221 1067 2274 lib.
1079 2223 1137 2284 111,
1153 2241 1178 2276 c.
1193 2231 1246 2288 πά,

182 2307 319 2370 muribus,
338 2303 431 2357 cenius
445 2300 534 2373 potius
542 2317 622 2372 quem
636 2296 689 2350 bu·
733 2302 844 2374 petitum
857 2318 890 2353 ex
904 2299 982 2353 Arist.
996 2302 1126 2372 problem.
1143 2303 1248 2356 Dsuc.

181 2403 281 2438 meus:
302 2395 428 2438 ceterum
451 2379 573 2433 universo
596 2375 690 2448 generi
777 2381 804 2434 5,
826 2380 918 2433 Omnia
941 2378 1038 2449 digitos,
1054 2382 1163 2435 Ariston.
1179 2382 1247 2436 fligi,

181 2465 280 2518 viscere
296 2460 420 2515 burnonis
440 2458 544 2512 similis.
560 2455 640 2508 Arist.
656 2454 689 2507 Η.
735 2459 825 2514 Anim.
835 2459 1011 2530 lib,111‚csp.
1025 2478 1123 2532 921228·
1135 2459 1201 2514 335,
1211 2463 1246 2516 fl,

181 2542 296 2596 —Olim
308 2560 315 2595 :
325 2562 356 2593 ac
367 2561 408 2610 pr.
420 2557 479 2610 geu.
492 2551 599 2601 tautum,
608 2549 634 2586 et
643 2537 690 2586 hoc
776 2543 804 2593 6.
819 2539 885 2590 Huic
897 2541 968 2591 estu.
982 2537 1066 2592 Arist.
1080 2540 1145 2593 Hisr.
1153 2539 1247 2596 Auito.

181 2625 207 2674 in
221 2626 336 2674 maribus.
350 2617 505 2691 Lugendum
521 2634 553 2668 ex
572 2613 690 2666 Selmeu·
734 2619 783 2673 lib,
794 2619 838 2682 11,
848 2635 908 2689 esp.
920 2637 935 2670 2
945 2655 953 2682 ,
965 2636 1025 2688 pag.
1039 2625 1105 2687 149,
1115 2620 1206 2673 Hm,

181 2702 274 2756 ticensi
285 2699 445 2773 exemplari,
456 2698 502 2748 -Et
512 2706 607 2767 prester
617 2693 690 2765 geni·
775 2719 803 2769 7.
817 2699 855 2752 Et
864 2697 937 2769 pedes
954 2699 1055 2766 majores
1066 2704 1169 2770 priores.
1188 2701 1249 2755 lloo

180 2781 247 2848 tole,
263 2794 289 2836 et
307 2781 359 2833 hoc
377 2779 405 2832 iu
424 2777 541 2830 muribus
553 2787 665 2828 tentum.
677 2799 690 2819 ι
734 2791 786 2844 est,
798 2778 952 2831 anteriores.
971 2777 1054 2830 Arist.
1066 2778 1127 2832 loco
1141 2779 1246 2834 citato:

180 2862 248 2914 Nem
268 2862 316 2934 qui
337 2853 417 2924 elicit,
435 2873 526 2927 proeter
542 2853 643 2925 (modo
656 2850 691 2906 de
734 2856 1247 2927 Kuirbnpioiteossitnpsiiu,uutersbm

180 2939 272 2994 eudem
296 2959 325 2994 re
342 2937 489 3010 intelliget)
511 2955 564 2990 uon
584 2953 690 2988 urceus
734 2957 807 2990 crure
819 2940 910 3008 mojam
922 2936 1008 2988 multo.
1023 2937 1116 2992 lisso.

180 3018 258 3072 hebet
272 3017 370 3072 addere
381 3031 475 3068 tautum
488 3035 497 3066 .·
512 3032 546 3068 en
558 3031 612 3065 non
626 3013 689 3067 satis
775 3021 803 3074 8.
817 3019 847 3070 Iu
860 3015 1030 3087 posterioribus
1045 3020 1140 3070 armti·
1157 3018 1244 3073 breves.

180 3107 219 3152 est
242 3099 342 3162 dicere,
362 3094 449 3148 omnia
469 3093 612 3146 animantis
633 3109 689 3146 este
733 3096 819 3152 Scrib.
844 3122 856 3143 ι
873 3097 905 3149 In
927 3095 1116 3167 posterioribus
1136 3101 1247 3153 mareoli

181 3188 360 3249 mutsprteter
370 3173 520 3234 hominem,
535 3171 586 3224 uisi
605 3170 689 3224 addes
732 3177 854 3231 breves.»
868 3176 1002 3229 Aristotel.
1022 3175 1093 3230 libro
1113 3178 1246 3246 secundo,

181 3257 276 3322 etism,
290 3263 402 3308 terrerum?
415 3255 517 3306 nisse.
733 3257 820 3327 capite
830 3256 920 3326 primo
930 3273 937 3307 τ
947 3272 959 3295 ·
968 3255 1085 3326 Excepto
1097 3257 1247 3328 elephanto,

221 3341 690 3400 Cl.1.cuusutoems0mu.1tstrs
733 3337 780 3407 qui
789 3335 888 3406 digitos
898 3351 1011 3388 numero
1021 3336 1138 3408 quinque
1148 3337 1246 3391 indivi·
1359 3350 1366 3370 ¹

181 3446 225 3479 ms
242 3443 386 3480 nervorum
399 3421 630 3476 cucumins.Ccrte
641 3440 690 3474 un·
732 3433 774 3472 tos
785 3412 1083 3485 leviterquediscretos,
1093 3419 1246 3487 crureprio-

179 3525 243 3578 μοι
255 3506 324 3559 circe
335 3503 450 3558 redicem
463 3500 610 3572 ligamentis
623 3519 689 3554 con.
732 3513 762 3548 τε
775 3494 861 3548 multo
871 3493 1061 3565 posterioribus
1083 3496 1204 3566 longiore
1218 3510 1246 3550 et
1332 3552 1336 3562 ,

180 3598 335 3650 nectuntur,
348 3603 414 3654 quos
424 3582 526 3653 antiqui
538 3599 689 3653 nervosep·
733 3575 869 3628 malleolos
883 3574 1073 3644 posterioribus
1091 3575 1151 3629 imis
1159 3577 1246 3630 cruri-

179 3667 319 3736 pelleruut.
340 3663 528 3734 Hippocrstem
546 3659 623 3724 risle,
641 3662 688 3715 lib.
733 3652 934 3726 buspossider„
946 3653 1026 3706 Pm-

180 3745 214 3798 de
228 3745 328 3798 Nature
341 3744 431 3815 pueri,
442 3754 505 3798 text.
520 3743 553 3794 16
563 3781 570 3806 ,
582 3759 609 3811 p.
626 3747 689 3807 144,
774 3753 802 3804 9.
814 3733 882 3786 idem
896 3733 1009 3804 poplites.
1027 3733 1162 3788 Aristotel.
1174 3735 1245 3788 libro

180 3825 227 3878 ubi
240 3824 273 3878 de
280 3824 409 3896 unguium
424 3822 528 3892 origine
541 3821 621 3874 mutu
630 3839 691 3893 pro-
733 3812 830 3878 eiuro,
849 3831 909 3884 etp.
925 3819 958 3877 i,
976 3831 1035 3884 pag.
1058 3815 1120 3866 153.
1141 3814 1247 3867 Priores

179 3906 231 3958 lite
240 3903 364 3976 disputet,
370 3921 430 3974 quse
442 3902 569 3955 Pliuiuuae
575 3901 690 3954 orationi
733 3891 842 3965 quidem
856 3912 931 3946 mre
941 3905 1112 3956 efflefflfflms
1121 3895 1245 3963 qwni-

180 3985 325 4053 plurimum
337 3984 404 4036 lucis
416 3982 529 4035 ellsturs
540 3981 601 4032 sint.
622 3979 658 4032 li.
733 3973 785 4028 mel
804 3971 1004 4043 generuntzsed
1021 3984 1047 4023 et
1068 3972 1244 4042 posteriores,
1324 4023 1330 4034 ,

223 4084 247 4116 s.
262 4064 378 4116 Omnibus
393 4063 426 4115 isi.
434 4063 512 4114 Arist.
523 4060 588 4114 Hist.
601 4059 690 4114 Anun.
733 4052 859 4125 peculiari
873 4050 1053 4124 prerogotivs.
1066 4051 1156 4103 Hsnu.

179 4143 226 4198 lib.
242 4144 298 4205 lll,
311 4161 368 4214 cop.
382 4161 413 4211 9,
428 4160 487 4212 pag.
502 4139 567 4194 3³5.
583 4139 671 4194 llsnu.
781 4160 826 4194 ro.
848 4141 878 4192 lu
895 4141 1019 4192 diuersum.
1034 4138 1102 4192 Natu
1115 4145 1245 4194 anteriore
