3200 5159
360 512 409 584 26
640 526 678 592 C.
707 526 872 596 PLlNll
900 528 1003 598 Nat.
1032 534 1155 601 HIST.

324 672 335 707 ι
412 651 473 719 ΧΙ.
499 643 578 742 (rx.)
596 654 862 750 Delphinorum¹
885 661 1132 736 similitudinem
1142 667 1286 758 babent,
1303 677 1360 767 qui
1374 700 1435 745 vo·
1457 748 1463 762 ,

358 770 479 827 cantur
509 762 702 832 tursiones².
725 767 862 836 Distant
878 782 912 837 ct
938 770 1072 840 tristitia
1093 775 1228 867 quidem
1256 795 1433 873 aspectus:

357 864 451 934 abest
463 867 552 935 enim
568 866 623 937 illa
635 867 780 955 lascivia,
789 876 932 944 maxime
945 890 1058 947 tamen
1066 868 1194 953 rostris³
1207 885 1435 957 canicularum

357 962 598 1045 maleficential
612 976 802 1049 assimulati.

327 1108 339 1143 1
412 1082 489 1147 XII.
505 1071 569 1168 (x.)
583 1084 790 1155 Testudincs¹
806 1102 907 1158 tanta
922 1093 1158 1186 magnitudinis
1173 1096 1327 1169 Indicum
1341 1125 1436 1169 mare

359 1177 497 1273 emittit,
519 1202 557 1256 ut
580 1189 784 1285 singularum
814 1196 990 1290 superficie
1014 1200 1211 1273 habitabiles
1235 1229 1328 1276 casas
1353 1209 1437 1276 inte·

361 1290 456 1384 gant²
477 1315 485 1357 τ
509 1308 609 1389 atque
624 1297 748 1369 insulas
763 1302 871 1371 Rubri
894 1308 1062 1401 praecipue
1083 1311 1183 1380 maris
1205 1312 1257 1381 his
1275 1315 1436 1410 navigant

396 1436 446 1490 xl.
461 1456 482 1491 r.
497 1444 682 1509 Delphinomm,
695 1456 747 1499 etc.
764 1447 875 1501 Aristot.
919 1450 1032 1506 videtur.
1045 1454 1135 1509 Hsan.
1154 1486 1191 1497 —
1203 1460 1379 1527 Delphinomm
1397 1463 1433 1511 si·

360 1522 428 1577 Hist.
447 1524 494 1578 lib.
507 1527 564 1591 vl,
583 1548 640 1601 cap.
657 1548 703 1594 ro,
719 1552 781 1605 pag.
800 1536 873 1589 682:
917 1535 1089 1598 militudinem,
1110 1548 1161 1590 etc.
1176 1538 1236 1591 iam
1246 1536 1327 1591 docui
1338 1540 1435 1593 confu-

360 1594 454 1674 ὁμοίως
471 1602 499 1658 dl
516 1614 551 1677 τῷ
567 1606 709 1679 ὃιλφῖνικαὶ
725 1617 741 1671 η’
756 1615 875 1681 edura
918 1614 1021 1668 sionem
1034 1627 1059 1669 et
1069 1616 1099 1669 b.
1109 1616 1434 1692 lessebellunedelpbi-

359 1684 517 1739 Tursiouem
541 1688 662 1757 φώκαιναν
684 1690 756 1745 Gaza
777 1696 874 1747 vertit:
917 1713 1015 1747 norum
1028 1708 1121 1765 gente,
1136 1708 1162 1749 et
1172 1697 1280 1750 alterius
1289 1716 1348 1770 quic
1357 1717 1433 1771 squa-

359 1774 385 1815 et
398 1783 460 1818 sane
471 1778 553 1819 recte.
567 1766 609 1821 Sic
625 1772 698 1825 enim
711 1773 795 1825 multo
812 1788 875 1828 ante
917 1776 1004 1828 lorum
1018 1789 1065 1829 est.
1087 1776 1188 1830 Forsan
1198 1776 1233 1829 de
1248 1796 1280 1830 eo
1293 1797 1381 1831 sermo
1393 1791 1434 1831 est

358 1844 434 1896 illum
453 1846 577 1900 albertus
593 1856 630 1903 Μ.
645 1850 679 1905 de
693 1853 805 1907 Animal.
823 1854 873 1909 tib.
917 1865 998 1918 quem
1012 1847 1091 1901 Linn.
1107 1860 1185 1903 vocat
1204 1848 1362 1920 delphinum
1377 1861 1435 1902 tur-

359 1923 418 1988 VI,
432 1936 507 1979 tract.
526 1927 568 1991 u,
586 1948 647 2003 cap.
670 1950 699 1994 1,
720 1952 782 2004 pag,
802 1952 873 1988 200:
916 1928 1034 1990 sionem
1050 1927 1098 1983 sed
1110 1928 1180 1980 male
1195 1930 1253 1999 ejus
1265 1928 1357 1982 dentes
1369 1948 1435 1983 cum

359 2002 531 2071 Rhome,
554 2008 644 2081 inquit
667 2012 721 2077 (nic
743 2012 817 2065 enim
836 2013 874 2067 10.
915 2007 1096 2059 canicularum
1114 2006 1238 2063 dentibus
1253 2020 1318 2061 tunc
1335 2008 1434 2062 Noster

357 2082 491 2156 gendum,
502 2104 555 2138 non
565 2087 603 2139 uti
612 2102 736 2161 corrupte
742 2090 874 2154 scribitur,
916 2086 1086 2152 contulisset3
1108 2099 1134 2139 et
1152 2086 1262 2140 aliunde
1279 2106 1328 2158 per
1348 2088 1435 2140 Athe·

361 2166 478 2232 Οοοανσ),
498 2166 545 2238 qui
559 2166 641 2221 latine
653 2170 738 2242 tyrsio
752 2184 873 2236 vocatur,
915 2185 1004 2219 naeuus
1012 2166 1129 2221 constitit
1137 2170 1237 2233 tyrsum
1246 2166 1290 2220 vel
1300 2170 1436 2261 trusionem

359 2252 385 2293 et
397 2241 525 2314 delphino
544 2265 628 2317 parvo
644 2249 757 2302 multum
771 2250 873 2303 assimi-
915 2245 1103 2317 apudVeteres
1111 2246 1193 2299 fuisse
1201 2247 1328 2300 caniculae
1338 2250 1434 2316 (equata

357 2320 442 2390 latur,
454 2322 517 2380 licet
528 2344 582 2379 nou
596 2327 629 2379 sit
642 2328 761 2401 ejusdem
775 2330 874 2402 speciei
915 2325 961 2391 L.)
971 2340 1076 2397 partem
1090 2326 1143 2379 sale
1156 2325 1300 2380 conditam.
1314 2327 1431 2380 Cuma.

357 2420 419 2454 cum
437 2402 506 2475 ips'o.
530 2405 626 2478 Tyrsio
650 2402 742 2461 intem
767 2408 872 2472 dictus,
951 2425 975 2457 a.
997 2408 1136 2458 ibericum.
1165 2406 1205 2458 De
1227 2407 1346 2484 tunsione
1367 2423 1433 2457 con-

356 2478 494 2553 prrecipue
509 2483 537 2535 in
552 2486 621 2538 muri
640 2486 780 2558 Bosphoro
803 2488 874 2543 inve·
914 2483 1015 2539 diendo
1040 2498 1171 2558 praecepta
1199 2484 1280 2538 tradit
1307 2484 1431 2555 Apicius,

356 2560 438 2623 uitur,
460 2576 512 2617 etc.
532 2590 545 2609 ι»
564 2565 654 2618 liano.
675 2597 711 2607 -
731 2572 871 2622 Tunicam,
914 2566 960 2619 lib.
969 2567 1020 2633 IV,
1028 2568 1211 2637 cap.s‚cujus
1220 2565 1333 2632 lemma,
1341 2568 1432 2618 Parim

357 2640 398 2693 Ex
417 2640 449 2695 iis
468 2662 526 2715 quse
543 2642 577 2697 de
600 2644 717 2699 tursioue
733 2645 870 2711 diximus,
911 2648 1030 2715 picium
1043 2660 1093 2699 etc.
1105 2646 1198 2699 Hm>-

356 2733 467 2793 apparet
487 2741 584 2777 ranam
612 2741 669 2777 esse
689 2728 871 2798 conjecturam
950 2725 974 2778 3.
988 2730 1090 2778 Roscii.
1104 2726 1238 2779 Caniculae
1249 2736 1336 2777 rostra
1346 2742 1432 2795 quum

251 2828 256 2839 .
355 2800 529 2873 nesciocuius
542 2802 749 2876 Pliniomastigis
762 2846 770 2871 ,
784 2806 872 2860 ballu-
913 2803 1031 2858 babeant
1040 2807 1204 2871 tunsiones,a
1214 2805 1284 2861 veris
1295 2803 1432 2895 delphinis

355 2880 475 2934 cinntum
485 2881 640 2955 diligentem
650 2884 750 2956 oppido
762 2888 872 2959 scripto
913 2884 957 2939 vel
974 2884 1025 2937 bac
1044 2896 1120 2957 parte
1135 2897 1207 2938 certe
1226 2883 1372 2955 plurimum
1389 2883 1433 2937 ds·

355 2977 412 3013 rem
442 2961 645 3025 calumniantis,
672 2965 748 3036 quasi
770 2967 871 3038 piscem
914 2976 993 3018 stant.
1004 2965 1098 3018 llssn.
1391 3044 1397 3055 Ι

356 3039 433 3092 nobis
455 3038 604 3113 integrum,
623 3062 673 3115 pro
690 3044 774 3097 frusto
791 3045 871 3115 piscis
950 3052 975 3108 4.
991 3048 1171 3116 Halfieemioe.
1181 3046 1269 3117 Atque
1277 3042 1378 3096 idcirco
1389 3064 1431 3096 m-

356 3118 489 3173 obtulerit.
498 3122 632 3187 Quoniam
644 3121 767 3177 videlicet
780 3126 872 3179 sitau-
913 3137 954 3177 ter
967 3124 1065 3177 bestias
1084 3124 1161 3177 Ponti
1179 3123 1327 3187 maleficas,
1348 3142 1430 3215 repo:

355 3199 580 3263 ctorAtbenreus,
594 3202 718 3267 lib.v11,
731 3224 791 3277 pag.
806 3205 871 3272 310,
913 3204 986 3257 nitur
1008 3204 1042 3257 ab
1070 3203 1209 3257 Aristotele
1235 3205 1362 3273 ρώκαινα,
1391 3214 1429 3255 uu

355 3280 481 3349 erpeium
493 3298 508 3333 a
521 3282 645 3334 Romanis
663 3284 752 3337 vocari
763 3298 870 3357 partem
913 3280 1032 3338 dicemus
1045 3302 1102 3354 cap.
1117 3302 1158 3336 ao.
1173 3281 1264 3335 nnn.

354 3358 497 3429 quamdam
511 3360 613 3415 salitam
626 3363 753 3417 canicule
773 3364 871 3437 piscis,
948 3365 1011 3417 ΧΠ.
1028 3384 1051 3418 r.
1067 3366 1218 3415 Tesmdines.
1240 3362 1282 3414 sb
1296 3361 1350 3415 hoc
1367 3362 1429 3416 loeo

355 3438 402 3507 qui
414 3438 513 3493 Gruris
525 3443 659 3513 καρχαρίας
672 3440 780 3496 dicitur.
795 3452 870 3499 Τοῦτο
913 3446 947 3499 ab
956 3464 988 3498 ea
997 3443 1093 3506 verba,
1103 3450 1193 3496 Ferunt
1205 3456 1348 3511 espasmm,
1360 3444 1433 3515 Αιθ·

354 3525 395 3571 τοῦ
416 3520 490 3586 ἰχθύος
503 3523 573 3592 piper
590 3520 652 3584 leel,
672 3521 714 3575 zet
730 3526 799 3577 tisri
817 3516 871 3576 be·
912 3520 1430 3585 ihuchideshaciotidemverbisrefers

353 3599 431 3668 μαίων
439 3602 583 3671 καλούμινος
597 3602 709 3673 θυρσίων,
726 3602 824 3665 idiotae
837 3606 869 3657 ὢν
914 3623 974 3677 cap,
988 3622 1030 3673 19,
1040 3602 1113 3676 apud
1121 3600 1356 3655 PhotiuminBibl.
1365 3600 1428 3654 eod.

351 3678 869 3756 aalrpuespsirarocd’arscaniculrepiscis
915 3686 981 3752 250,
991 3702 1053 3756 pag.
1067 3683 1143 3751 1349.
1155 3682 1429 3772 fliam-'ramma

352 3757 454 3811 tbursio
468 3770 506 3813 est
517 3760 661 3814 Romanis:
678 3762 755 3830 inde,
764 3763 868 3837 inquie-
913 3760 1303 3834 matamagnimdinisNidebb.
1315 3760 1429 3827 XXXII,

351 3836 397 3890 bat
419 3838 581 3895 conviciator
599 3840 719 3912 ineptus,
736 3861 768 3895 ac
781 3844 866 3915 pessi·
911 3865 970 3919 cap.
987 3852 1014 3908 4.
1034 3842 1187 3903 Pausanias,
1205 3840 1253 3894 lib.
1267 3842 1297 3905 1,
1311 3841 1426 3895 marinas

351 3934 413 3969 mus
432 3918 615 3985 ratiocinator,
641 3920 742 3973 Plinius
765 3923 866 3995 piscem
911 3925 1078 3979 terrestribus
1091 3924 1232 3978 dissimiles
1245 3935 1349 3976 tantum
1369 3941 1426 3977 esse

351 3996 499 4068 integrum,
518 4000 644 4053 caniculis
663 4000 775 4055 similem
794 4022 866 4056 som·
909 4006 998 4059 scribit
1005 4002 1231 4077 magnitudine‚et
1237 4002 1426 4075 pedumfigura

351 4077 442 4133 niarit.
462 4078 496 4131 Et
513 4083 675 4153 conjectura
695 4084 758 4136 huic
775 4095 864 4136 tamen
910 4084 996 4139 ritulo
1010 4083 1116 4137 marino
1130 4082 1218 4137 simili.
1233 4084 1336 4136 Dino.

350 4157 779 4235 Pelliceriuripseiarereinnotis
789 4164 864 4219 MSS.
946 4166 1425 4235 s.SiagaIammmpsrfieie...imegam.
