3200 5159
576 554 734 624 LIBER
759 557 802 623 x.
1162 579 1232 652 229
1277 661 1282 670 .

162 662 306 766 interdiu
328 688 437 756 minus
458 709 607 754 cemens.
628 685 755 756 Bellum
774 688 1016 756 interneciuum
1046 689 1131 782 gerit
1153 712 1230 758 cum

162 794 289 889 aquila,
308 793 576 886 cohaerentesque
591 817 676 888 saepe
693 792 957 888 prehenduutur.

217 904 280 982 Xl.
298 887 399 993 (rx.)
418 897 567 993 Coccyx¹
583 923 623 966 ex
642 899 799 995 accipitre
811 899 943 969 videtur
960 899 1063 1005 fieri',
1078 915 1229 996 tempore
1248 929 1261 964 ι

162 1065 207 1117 vel
222 1064 369 1126 chalcidem
386 1064 423 1117 ait
441 1081 516 1116 arem
532 1061 675 1135 quamdam
760 1064 810 1118 xl.
834 1081 859 1118 r.
875 1065 980 1138 Coecye.
993 1065 1095 1119 Latinia
1106 1068 1230 1128 cuculae,

162 1143 345 1215 magnitudine
369 1147 457 1196 orturis
479 1133 559 1213 (falc.
576 1144 675 1213 palum·
718 1143 822 1210 Gallia,¹
835 1163 932 1198 coueou.
953 1145 1016 1198 Huc
1030 1157 1091 1197 runt
1113 1145 1228 1200 totidem

161 1223 227 1275 berit
240 1220 349 1288 tion),
372 1222 469 1277 coloris
482 1222 676 1294 nigri,lormar
717 1221 805 1277 verbio
826 1222 898 1295 apud
919 1225 998 1278 Arist
1022 1224 1089 1278 lliat.
1111 1227 1225 1280 Animal.

162 1303 249 1374 longe
280 1315 307 1356 et
331 1303 455 1374 gracilir,
481 1301 673 1367 monticulam,
715 1301 764 1357 lib.
786 1303 844 1366 vl,
865 1321 925 1375 cap.
950 1308 983 1366 6,
1002 1322 1062 1376 pag.
1086 1308 1153 1359 ⁶66.
1173 1306 1226 1360 Ex·

162 1383 222 1435 viru
247 1401 355 1449 raratn;
381 1400 443 1436 mox
469 1380 589 1452 hybrin,
615 1399 673 1453 qun
715 1381 810 1454 pressit
829 1401 860 1436 ex
879 1381 974 1438 eodem
989 1384 1155 1456 Philosopho
1175 1384 1226 1439 At·

161 1479 177 1514 a
204 1460 362 1534 quibusdam
392 1481 455 1516 cum
486 1473 588 1532 ptynge
620 1480 673 1516 una
714 1461 805 1516 bertus
813 1461 852 1516 M.
861 1461 896 1516 de
905 1462 1019 1515 Animal,
1031 1464 1080 1516 lib.
1088 1465 1137 1522 VI,
1149 1478 1223 1518 tract.

161 1540 308 1614 eademque
324 1559 381 1596 erre
404 1540 532 1606 creditur,
554 1540 672 1594 interdiu
718 1560 743 1604 ι,
757 1559 815 1612 cap.
827 1545 860 1606 6,
872 1561 932 1615 pag.
947 1547 1001 1611 196
1013 1556 1041 1596 et
1053 1560 1117 1613 ¹97·
1131 1534 1222 1598 llario.¹

160 1639 217 1674 nou
226 1620 342 1692 adspici‚
357 1620 431 1692 quod
442 1621 510 1674 male
518 1619 669 1692 pervideat,
713 1621 861 1694 ¹-Cocoye
877 1643 908 1675 er
921 1625 1035 1692 accepim
1046 1623 1144 1677 uidetur
1154 1623 1222 1693 fieri.
1312 1662 1318 1680 t

159 1713 244 1754 noctu
256 1701 358 1767 venari,
373 1700 522 1773 aquilarum
533 1700 630 1766 instar,
645 1713 672 1753 et
713 1701 848 1754 Cuculnm
859 1719 893 1754 cx
908 1702 1033 1778 accipitre
1046 1701 1120 1765 lieri,
1136 1704 1223 1775 quiin

159 1778 294 1833 interdum
318 1799 379 1834 cum
403 1779 491 1852 aquila
514 1779 552 1832 ita
576 1778 672 1833 acriter
713 1781 800 1833 cuculi
822 1780 934 1836 formam
950 1782 985 1835 ait
1002 1794 1132 1848 mutatus,
1152 1802 1222 1836 nou·

157 1858 265 1923 luctari,
278 1872 308 1912 ut
319 1877 374 1913 aeae
384 1861 462 1913 ambo
474 1859 631 1930 atriugentea
640 1877 670 1913 ac
711 1858 779 1912 nulli
789 1873 898 1932 putant,
909 1861 1036 1933 quoniam
1047 1862 1069 1913 ia
1080 1863 1222 1932 accipiter,

158 1953 308 2009 prementea
330 1939 406 2010 humi
422 1937 565 1994 concidant
580 1937 670 1996 Iacilu·
712 1939 755 1998 uui
766 1939 922 2008 similiaeat,
937 1959 1067 2013 nmquam
1076 1941 1221 2012 accipitur,
1295 1966 1297 1969 ·

158 2018 670 2091 quecomprelrendanturapretcreun·
711 2035 795 2088 quum
814 2020 924 2074 cuculae
941 2033 1074 2092 apparet:
1096 2033 1221 2075 ceterum

158 2097 238 2151 tibur.
256 2100 331 2154 Inter
344 2116 425 2169 rupea
441 2098 486 2152 hic
501 2095 668 2152 domicilium
709 2115 761 2151 uec
773 2099 871 2170 reliqui
888 2099 997 2169 quidem
1010 2100 1149 2172 accipitres
1163 2112 1221 2153 tum

157 2175 252 2244 habet,
269 2178 393 2250 paritque
402 2195 452 2230 ora
464 2177 538 2230 bina·
550 2176 666 2241 Plinius,
710 2175 846 2244 videntur,
856 2197 940 2248 quum
955 2180 1066 2235 coeatur
1075 2197 1171 2248 canere
1181 2180 1220 2232 iu·

156 2273 238 2327 quem
254 2257 372 2329 seqnitur
386 2255 467 2322 Gara,
483 2254 605 2327 hybridia
619 2274 668 2308 no-
709 2256 790 2331 cipit,
805 2257 857 2310 niai
866 2275 996 2328 perquam
1006 2259 1098 2328 paucio
1109 2257 1219 2324 diebua3

157 2352 220 2390 meu
242 2337 345 2403 tacuit,
367 2337 508 2408 junxitque
527 2334 667 2405 Cymindia
709 2335 879 2400 Aristotelea,
905 2337 1029 2391 Historia
1055 2337 1218 2408 Animalium
1270 2384 1273 2393 .

157 2429 184 2468 et
196 2417 306 2490 Ptyugit
320 2415 447 2474 himumaa.
458 2427 489 2468 ut
500 2415 579 2470 uniue
589 2415 666 2468 volu·
709 2414 756 2466 lib.
767 2415 803 2476 V,
815 2433 873 2486 cap.
886 2434 911 2486 7.
922 2417 987 2470 Huc
998 2417 1099 2471 Plinius
1108 2418 1218 2471 confuse

155 2496 219 2549 cria.
233 2497 342 2552 Nullae
357 2495 531 2552 notiravibua
540 2494 666 2549 Pliniana
709 2506 735 2546 et
759 2495 880 2553 obscure.
908 2495 1073 2567 Accipitrum
1106 2497 1219 2550 minimo

155 2574 270 2631 tituilior
288 2593 370 2648 quam
387 2577 449 2628 attic
466 2573 582 2626 urolemr'r
599 2573 664 2628 Pall.
708 2563 777 2642 (hio
793 2573 886 2644 galline
910 2567 1055 2642 Milon)
1085 2577 1218 2647 magnitu-

156 2647 269 2715 (uoatra
290 2654 384 2726 grande
411 2654 518 2706 eleuettr
536 2643 664 2724 epervr'er)
707 2650 814 2718 (lineet
830 2652 942 2718 volatu,
959 2656 1083 2709 cuculum
1102 2656 1217 2708 similem

156 2751 216 2806 qun
236 2735 305 2790 Anu
328 2736 500 2805 Europaeque
528 2733 665 2788 orientalia
707 2750 762 2786 erae
787 2731 854 2788 ibid.
873 2734 954 2794 Arist.
973 2733 1062 2788 tradit.
1082 2735 1217 2790 (luculum

155 2813 256 2880 incolit,
266 2809 665 2886 nonnunquamuedrarioaiuae
708 2824 808 2875 veteres
829 2831 878 2884 per
896 2805 1096 2874 convicinm'et
1119 2833 1217 2887 oppru·
1287 2857 1290 2862 .

155 2894 277 2966 usquein
285 2894 453 2949 Germaniam
466 2890 665 2958 tendena‚alio·
706 2892 812 2958 hrium‚
838 2893 957 2959 fatuum,
986 2892 1129 2958 stolidum,
1152 2893 1215 2947 insi-

154 2975 203 3045 qui
221 2974 255 3027 ab
271 2975 387 3050 arturinu
408 2971 590 3043 magnitudine
608 2991 662 3026 nou
706 2971 824 3041 pientem
831 2986 1000 3029 vocaverunt.
1007 2975 1101 3028 Horat.
1112 2993 1216 3027 «Μωα-

154 3052 294 3118 κοεᾶειιε,
313 3066 340 3108 et
357 3053 433 3108 exilir
450 3053 504 3105 vira
523 3051 559 3104 ob
572 3050 662 3106 cauda
704 3049 756 3121 g'na
777 3053 939 3124 compellans
958 3072 1024 3107 voce
1041 3054 1185 3106 cucullum.
1199 3079 1211 3099 ·

154 3131 364 3204 longitudinem,
372 3131 419 3186 aed
427 3131 572 3203 nigricante
580 3131 625 3185 hic
635 3143 662 3186 et
706 3131 790 3185 Plaut.
802 3132 830 3184 in
846 3132 984 3186 Asinaria:
1003 3158 1014 3181 ι
1026 3133 1062 3186 At
1072 3132 1152 3186 etiam
1167 3152 1215 3186 cu·

154 3213 199 3266 hic
216 3213 368 3284 plumarum
381 3213 471 3266 albore
476 3231 485 3279 3
499 3224 662 3283 vereturque
705 3211 750 3264 bat
766 3212 896 3266 cuculus:
913 3229 989 3284 surge
1011 3225 1127 3278 amator,
1144 3213 1153 3266 i
1168 3216 1215 3266 do·

153 3291 272 3346 interdiu
287 3293 315 3345 in
327 3293 542 3364 sylvimeapere
553 3291 580 3344 in
594 3307 663 3350 cam·
704 3307 789 3344 mum.
802 3318 813 3339 ι
830 3294 863 3346 In
874 3293 983 3346 Meroat.
999 3318 1010 3338 ι
1022 3291 1122 3344 ...Huic
1136 3311 1214 3356 vero,

152 3373 203 3444 piu
227 3371 350 3426 Animosa
367 3391 428 3426 aune
441 3372 496 3432 aria
509 3389 661 3442 quamnam
693 3382 736 3422 *ut
751 3389 827 3424 mero
846 3372 957 3436 cuculo,
976 3369 1009 3423 ld
1026 3383 1127 3424 certum
1156 3384 1214 3437 eat,

97 3475 103 3486 ·
152 3453 269 3506 buteone
287 3450 457 3510 dimicantem
470 3451 597 3510 acerrime
613 3451 661 3503 ob·
705 3451 811 3509 mentiri
817 3451 968 3522 ampliter.»
979 3450 1130 3504 InPseud.·
1141 3449 1215 3516 Quid

101 3581 105 3598 ,
152 3532 583 3596 aemvere.tlaumanu.tom.l‚
599 3548 660 3602 pag.
704 3529 761 3595 fles,
771 3530 882 3585 oucule?
897 3530 999 3584 river.-
1014 3531 1215 3585 lupentius⁴

156 3615 221 3675 426.
233 3611 302 3664 Cum
313 3612 401 3683 aquilo
411 3629 492 3682 parva
501 3611 594 3665 luctari
606 3629 661 3663 non
706 3608 816 3664 Cadere
833 3622 863 3664 tu
887 3608 967 3663 hodie
986 3611 1109 3664 restibus.
1125 3611 1155 3664 P.
1170 3624 1216 3664 tua

153 3688 662 3763 itadillert‚autpraeatat.Sedquomodo
705 3687 831 3762 quidem,
847 3690 954 3755 oucule,
969 3709 1054 3744 causa.
1070 3717 1081 3738 ι
1109 3693 1141 3743 ln
1157 3693 1217 3743 Tri·

153 3771 307 3826 Aristoteles
321 3771 390 3824 hanc
404 3769 474 3824 dicat
490 3783 571 3824 noctu
584 3771 662 3841 aqui·
705 3785 832 3822 nummo:
848 3792 859 3813 ι
868 3770 911 3823 lbi
927 3770 972 3822 ille
988 3772 1096 3824 cuculus
1107 3790 1114 3821 ε
1125 3770 1216 3823 Ocelle

152 3851 660 3921 luruminstarrenarimunaaoequor:
707 3849 760 3914 mi,
785 3849 830 3902 fiat
857 3862 884 3901 ct
906 3849 985 3903 istud.
1004 3875 1016 3896 ι
1045 3849 1115 3902 Vide
1146 3850 1216 3902 intra

152 3949 215 3983 nam
234 3929 351 3984 interdiu
370 3949 475 4000 temper
488 3930 575 4001 aquila
595 3947 662 4000 prae-
707 3929 754 3983 lib.
779 3930 887 3995 XVIII,
909 3948 968 4001 (up.
993 3935 1037 3983 26,
1062 3931 1162 3982 Drunc-
1177 3962 1217 3970 —

152 4009 240 4064 datur.
250 4010 468 4065 Currum-Nisi
479 4014 507 4064 τὸ
515 4009 664 4082 aquilarum
710 4009 806 4081 Coccjc
817 4029 848 4062 ee
863 4014 975 4081 accpitre
987 4011 1084 4062 uidetur
1095 4008 1159 4074 fieri.
1174 4009 1217 4060 tti-

151 4091 234 4142 inetar
246 4090 376 4143 referatur
387 4089 421 4143 ad
436 4103 550 4152 venatur,
563 4108 618 4142 nou
629 4087 665 4143 ad
708 4087 795 4142 dicule
806 4107 878 4142 nunc
887 4107 994 4159 quoque
1004 4089 1096 4142 rustici
1106 4087 1218 4141 credam

150 4179 231 4225 noctu.
252 4171 297 4222 Ar.
511 4165 514 4170 “
708 4187 739 4220 ex
749 4169 905 4240 accipitrum
916 4187 1012 4240 genere
1018 4187 1145 4239 coccygeo
1151 4185 1218 4222 care.

1021 4262 1085 4349 15³
