3200 5159
607 575 768 642 LIBER
792 575 836 640 X.
1127 613 1131 620 ·
1181 573 1251 648 355

183 708 316 804 genitis,
333 707 446 776 etsine
463 703 531 773 ulla
543 703 639 774 simili
652 705 802 800 origine,
819 720 858 774 ut
871 729 971 800 supra
991 705 1078 776 dicta
1091 734 1099 775 :
1114 724 1148 777 et
1160 735 1251 804 quae-

182 838 325 908 cumque
348 828 479 905 tempus
508 809 601 880 anni¹
620 825 766 906 generat.
788 813 840 879 Ex
861 813 899 881 iis
920 811 1070 906 quadam
1094 815 1175 884 nihil
1201 821 1250 911 gi-

182 935 306 1014 gnunt,
324 933 362 988 ut
381 915 627 988 salamandrae².
648 915 765 1012 Neque
780 931 830 1008 est
852 919 891 987 iis
910 943 1013 1014 genus
1032 921 1250 991 masculinum

183 1026 420 1094 femininumve
435 1050 442 1092 :
459 1026 545 1093 sicut
559 1008 685 1119 neque³
700 1026 734 1092 in
754 1022 924 1118 anguillis,
946 1025 1164 1122 omnibusque
1177 1053 1250 1168 quae
1334 1043 1336 1048 '

181 1157 243 1202 nec
258 1131 399 1218 animal,
413 1155 476 1200 nee
490 1155 591 1200 ovum
608 1156 649 1200 ex
667 1155 737 1200 sese
755 1144 925 1225 generant.
944 1131 1109 1201 Neutrum
1124 1149 1173 1204 est
1216 1150 1250 1205 et

180 1240 297 1308 ostreis
318 1263 437 1334 genus,
453 1251 486 1306 et
499 1239 626 1307 caeteris
642 1235 886 1306 adhaerentibus
897 1237 984 1307 vado
995 1237 1047 1307 vel
1061 1264 1149 1309 saxo.
1164 1243 1248 1331 Quae
1269 1280 1282 1313 2

181 1360 291 1414 autem
308 1369 368 1439 per
384 1329 437 1412 se⁵
451 1359 663 1438 generantur,
677 1345 747 1412 siin
762 1367 871 1412 mares
881 1368 920 1413 ac
931 1343 1068 1413 feminas
1084 1345 1249 1444 descripta

180 1466 273 1535 suut,
292 1465 452 1545 generant
466 1449 599 1544 quidem
620 1449 745 1543 aliquid
760 1451 867 1534 coitu,
887 1449 944 1519 sed
965 1452 1195 1548 imperfectum
1214 1469 1249 1524 et

179 1556 355 1645 dissimile,
371 1572 460 1626 etex
474 1581 542 1650 quo
558 1553 639 1624 nihil
658 1555 799 1651 amplius
812 1558 978 1652 gignatur,
996 1571 1034 1625 ut
1049 1559 1247 1630 vermiculos

219 1740 386 1793 LXXXVII.
409 1758 434 1792 ι.
457 1739 618 1810 Quacwaqaa
633 1750 692 1789 tem·
735 1736 867 1802 viduatur,
877 1755 938 1808 qun
950 1737 1112 1794 salamandra
1131 1742 1164 1795 sit
1176 1762 1184 1798 s
1198 1743 1248 1798 nisi

175 1839 222 1888 pas
232 1823 290 1870 amal
302 1831 409 1890 generat.
418 1818 452 1870 In
461 1817 540 1870 editis
552 1819 690 1881 hactenus,
734 1819 805 1871 forte
813 1817 840 1870 in
848 1817 1004 1888 Pamphylia
1012 1819 1165 1892 Ciliciaeque
1174 1841 1248 1876 mon·

182 1923 195 1945 e
205 1917 378 1971 quascumque
397 1911 482 1963 asma,
499 1910 546 1950 aut
563 1916 622 1959 ver,
639 1909 691 1949 sta·
734 1897 832 1961 tnesis,
845 1897 892 1951 ubi
903 1899 1028 1952 exstitisse
1041 1899 1177 1969 quondam
1193 1903 1248 1956 Pti-

177 1978 627 2050 tumqaetcmpnsannigenerant.·
637 1977 692 2030 Nos
733 1978 794 2032 nius
806 1990 949 2040 asseverat,
964 1977 1034 2030 libro
1054 1980 1245 2051 subsequente,

178 2077 255 2111 vocer
269 2057 453 2122 intermedias,
462 2076 528 2129 quas
540 2057 607 2109 nulli
614 2056 689 2110 MSS.
733 2077 757 2111 c.
768 2059 834 2109 216.
843 2057 878 2108 Η.
886 2087 925 2098 -
934 2057 1145 2114 Ulralamandroe.
1153 2062 1247 2116 Gravi·

177 2151 338 2209 agnoscunt,
352 2155 400 2190 eeu
420 2136 599 2210 supposititias
609 2137 689 2190 erasi·
732 2136 767 2190 da
780 2134 945 2189 salamandra
958 2155 1049 2192 mense
1069 2140 1164 2192 martio
1178 2141 1246 2212 pede

177 2236 246 2272 mus.
260 2217 333 2282 Quid
348 2230 439 2270 autem·
450 2236 480 2270 ca
494 2214 623 2288 loquendi
633 2217 688 2270 ior·
732 2229 758 2269 et
770 2214 866 2269 baculo
880 2215 1045 2278 elisa,lactea
1054 2219 1138 2272 sanies
1148 2240 1247 2274 exom-

177 2315 219 2350 ma
235 2297 333 2363 valeat,
347 2309 437 2367 ternpus
455 2299 531 2360 anal,
553 2294 646 2349 tritum
662 2309 690 2349 et
730 2295 811 2348 nibus
834 2295 957 2365 eorporis
982 2297 1117 2368 partibus,
1143 2302 1242 2372 capite,

149 2368 154 2376 ⁴
176 2377 386 2448 vulgatissimum
400 2388 447 2430 est.
463 2374 554 2431 liano.
731 2373 812 2428 dorso
822 2412 830 2441 ,
841 2375 917 2436 alvo,
934 2374 1031 2444 cauda,
1046 2377 1160 2448 pedibus
1175 2381 1244 2434 essi-

219 2478 244 2510 a.
262 2457 297 2509 tn
308 2456 476 2509 salamandra.
491 2453 688 2508 salamandram
730 2455 784 2520 liit,
794 2471 849 2507 non
855 2454 932 2507 aliter
943 2474 1023 2525 quam
1032 2475 1063 2510 ex
1075 2458 1173 2529 papilla
1183 2465 1245 2514 ube·

175 2534 525 2606 nouesseidlacertigenus,
538 2532 611 2608 quod
619 2535 688 2588 Galli
728 2535 780 2599 ris,
799 2533 890 2604 digitis
906 2551 1075 2606 compressa:
1091 2549 1147 2592 tum
1163 2540 1243 2594 etiam

175 2635 293 2669 marorum
305 2628 331 2668 et
341 2616 447 2677 cardam
459 2614 572 2666 blandam
582 2614 687 2668 Narbo·
729 2613 880 2684 exdirupto
891 2625 984 2667 venue
994 2616 1138 2688 plusquam
1150 2619 1243 2690 trigin-

120 2728 124 2736 .
174 2713 268 2748 nenses
275 2695 451 2758 vocitant,vel
462 2695 514 2747 boc
520 2705 687 2764 argumento,
729 2705 755 2747 ta
766 2695 835 2747 letus
843 2691 931 2746 adhuc
941 2694 1097 2765 palpitantes
1103 2709 1129 2749 et
1136 2697 1164 2749 in
1174 2717 1243 2771 aqua

174 2793 224 2829 ceu
237 2773 398 2828 validissimo
410 2776 463 2828 telo
476 2773 601 2827 efficitur.
617 2774 686 2826 Nam
728 2787 833 2836 nantes,
848 2791 879 2826 ac
894 2774 953 2844 plns
969 2793 1049 2846 quarn
1069 2777 1177 2848 triginta
1191 2797 1242 2832 ova

173 2868 201 2908 et
214 2873 339 2908 marones
351 2852 686 2925 nostrosparere‚etiniis
727 2853 895 2923 prodierunt.
912 2853 971 2923 Ego
987 2853 1095 2925 quidem
1116 2856 1242 2912 laminam
1286 2849 1288 2860 ¹

173 2953 258 2987 mares
267 2934 430 3006 feminasque
441 2935 529 2986 notari
538 2932 684 2999 Bellonius‚
727 2931 839 2986 dissecui
849 2946 1036 3004 praegnantem,
1042 2947 1099 2988 tum
1110 2935 1242 3003 oris,tum

173 3015 370 3086 Dalecampius,
380 3013 538 3077 Bocbartns,
549 3025 575 3065 et
585 3011 685 3066 Aldro·
728 3013 822 3066 catulis
836 3013 958 3080 plenam,
971 3013 1029 3066 aliis
1041 3014 1170 3069 inchoatis
1185 3029 1241 3070 tan·

173 3093 290 3160 vandus,
305 3094 393 3167 quiin
410 3093 540 3146 onomat-ia
557 3105 618 3145 sunt
629 3093 686 3146 late-
728 3104 799 3158 tum,
811 3092 869 3145 aliis
882 3094 936 3163 jam
947 3093 1084 3163 perlectis,
1097 3096 1241 3165 gradienti·

172 3175 240 3238 resi,
254 3175 305 3246 ipsi
321 3174 492 3228 confitentur.
512 3171 624 3225 Accedit
635 3190 685 3237 eo,
726 3172 792 3237 hus,
808 3184 834 3224 et
848 3171 877 3225 in
896 3188 963 3243 aqua
976 3174 1146 3230 natantibus:
1166 3189 1196 3228 ut
1211 3175 1240 3229 id
1328 3199 1332 3204 ¹

172 3251 246 3324 quod
256 3273 306 3307 nce
315 3253 431 3306 stellatus
443 3271 521 3306 muro
529 3252 577 3316 sit,
586 3249 632 3304 ssd
641 3264 687 3305 tte·
727 3251 896 3304 falsissimum
917 3269 973 3304 esse
988 3251 1062 3323 quod
1083 3254 1166 3310 tradit
1185 3255 1240 3308 l’li-

171 3332 224 3386 niis
237 3333 358 3404 oblongis
375 3332 492 3404 virgatas
503 3350 510 3383 :
520 3349 571 3384 nec
585 3331 687 3384 sereni·
726 3331 796 3394 nius,
807 3330 875 3384 nihil
886 3348 930 3384 eas
942 3331 1059 3402 gignere,
1071 3335 1239 3390 manifestum

171 3424 226 3464 tate
235 3413 313 3484 plane
322 3412 440 3466 desinat:
451 3429 502 3465 nec
513 3429 544 3463 ea
554 3411 582 3463 vi
589 3411 686 3463 veneni
727 3411 823 3481 iamet
838 3411 1008 3482 perspicuum
1026 3415 1069 3466 sit.
1089 3414 1158 3468 Dan.

171 3492 220 3554 sit,
237 3505 335 3564 quanta
349 3490 541 3544 salamandram
556 3509 612 3544 ease
628 3490 683 3544 Pli·
769 3490 795 3543 3.
808 3489 879 3542 Saue
892 3509 979 3562 aequa,
995 3504 1045 3546 etc.
1066 3493 1239 3560 Aristoteles,

169 3572 231 3624 nius
242 3571 374 3642 prodidit,
383 3571 431 3624 lib.
441 3571 549 3633 xm,
567 3590 625 3643 cap.
636 3569 683 3625 23.
728 3569 796 3623 llist.
815 3571 904 3624 Anius.
913 3569 965 3624 1th
975 3571 1027 3636 lv,
1038 3591 1097 3645 cap.
1115 3593 1164 3640 ιι,
1179 3593 1238 3648 pag.

170 3650 223 3704 Sed
242 3665 268 3706 et
287 3651 370 3705 indici
390 3651 463 3704 orbis
486 3651 589 3722 solique
617 3648 683 3703 adeo
728 3650 792 3704 508.
810 3651 900 3716 liano.

169 3731 309 3802 peculiaris
318 3751 348 3784 aa
357 3729 520 3785 salamandra
530 3730 594 3796 fuit,
603 3748 683 3802 qnam
767 3736 794 3793 4.
811 3729 929 3783 Neutrum
941 3741 984 3784 est.
1001 3731 1167 3798 Aristoteles,
1180 3734 1240 3788 loco

169 3811 262 3864 Roma
280 3812 362 3865 visam
382 3810 514 3873 diximus,
536 3822 566 3862 ut
586 3808 684 3862 ducere
725 3809 813 3864 citato.
823 3809 913 3863 liano.
979 3867 982 3872 ,

167 3890 365 3962 spiritum‚nisi
375 3890 458 3943 humo
474 3908 506 3942 cx
515 3887 592 3942 India
603 3889 681 3941 simul
767 3888 793 3942 5.
819 3891 882 3959 Qua
901 3901 978 3941 autern
995 3910 1041 3960 par
1059 3911 1093 3944 ae.
1114 3891 1173 3944 Hoc
1186 3905 1239 3958 est,

167 3983 307 4042 asportata
325 3969 463 4032 insideret,
479 3988 533 4022 non
547 3969 680 4039 potuerit:
724 3981 835 4039 sponte,
848 3970 896 4022 ἀπὸ
909 3974 952 4022 τοῦ
971 3971 1126 4040 αὐτομάτου,
1136 3989 1191 4022 non
1207 3991 1240 4025 ex

168 4051 216 4102 ubi
225 4049 254 4102 in
263 4049 350 4102 solum
360 4049 460 4121 dejecta
474 4062 513 4101 est
523 4048 631 4112 italum,
639 4066 682 4100 ex·
725 4049 811 4114 coitu,
825 4047 872 4101 sed
882 4067 913 4102 es
925 4050 997 4120 putri
1007 4049 1125 4102 materia.
1138 4051 1240 4104 Aristo-

166 4129 283 4200 apirarit.
300 4130 381 4184 Plane
394 4143 424 4182 ut
441 4131 497 4201 jam
511 4129 541 4180 in
556 4130 623 4181 orbe
632 4147 681 4179 no·
725 4128 805 4191 telas,
822 4127 889 4182 Hist.
909 4129 999 4180 Anim.
1016 4129 1063 4181 lib.
1081 4130 1117 4196 V,
1130 4145 1188 4202 cap.
1210 4149 1239 4196 t,

165 4224 222 4263 stro
234 4209 371 4264 sollicitius
378 4206 558 4279 indagandum
571 4207 683 4260 minime
726 4225 786 4278 pag.
801 4207 866 4262 ⁵18.
878 4207 968 4261 litun.

1038 4287 1107 4358 a3²
