3200 5159
559 586 717 655 ursan
751 587 820 657 1x.
1176 588 1226 675 43
1313 627 1316 636 ·

158 698 302 788 limus'⁴²
333 726 368 781 et
389 714 654 809 inllory'stbene
679 732 883 793 memoratur
912 720 1078 814 praecipua
1099 722 1228 815 magni·

158 916 257 978 tutione
269 924 394 997 augenda
404 936 489 979 essent
499 926 668 978 Ieslealatina
712 929 800 977 mam's
833 928 986 995 substituit,
1020 930 1224 986 reclamantibus

158 1006 183 1057 iu
194 1023 259 1058 voce
263 1010 397 1072 proretam.
408 1008 483 1059 ttm
713 1006 836 1059 omnibus
859 1008 1071 1082 exemplaribus,
1089 1021 1115 1062 et
1135 1027 1224 1063 seusu.

193 1090 668 1155 14.Hars'isextralsimr‚porealoma·
713 1083 895 1160 Qusecumqne
911 1107 942 1141 ex
966 1088 1127 1155 Columella,
1145 1090 1225 1142 Juve-

158 1166 209 1215 n'so
220 1168 374 1226 simillimas,
386 1179 435 1221 etc.
444 1166 669 1220 etc.Nihiloccur·
713 1164 789 1231 nale,
802 1178 828 1219 et
841 1167 941 1239 Papia,
955 1168 1009 1221 imo
1022 1187 1053 1220 ex
1068 1168 1126 1241 ipso
1139 1168 1225 1222 Plinio

157 1244 190 1297 rit
202 1244 305 1315 aptius,
320 1243 394 1317 quod
404 1243 449 1298 hic
463 1244 552 1299 asterii
564 1256 668 1317 posset,
714 1242 820 1316 collegit
839 1258 932 1299 contra
952 1246 1038 1320 ipsum
1054 1247 1224 1319 interpretem

157 1323 209 1375 sive
218 1321 253 1375 ad
267 1334 433 1377 structuram
448 1325 591 1386 orationis,
605 1324 669 1377 loci·
713 1322 824 1377 iaciunt.
835 1326 924 1379 Murra
938 1326 1010 1379 euim
1023 1326 1225 1379 instrumentum

155 1419 206 1471 que
215 1403 374 1453 seutentiam
384 1403 498 1455 maxime
510 1415 668 1475 spectarem,
713 1414 766 1468 est,
782 1423 831 1456 nec
841 1406 902 1458 satis
914 1406 1052 1478 amplum,
1067 1424 1120 1477 quo
1134 1405 1226 1458 rustici

157 1480 401 1535 siseauctoritatem
408 1502 529 1554 sequerer
537 1481 669 1543 codicum,
712 1480 746 1534 atl
759 1482 910 1537 radendum
924 1496 1043 1536 utuntur.
1057 1479 1099 1537 stc‘
1114 1483 1148 1535 de
1162 1482 1225 1537 her·

156 1560 219 1629 lieg-
233 1577 256 1622 1,
270 1580 295 1621 ι,
316 1560 392 1613 Colb.
410 1580 435 1627 r,
448 1582 472 1628 s,
481 1562 563 1615 Paris.
580 1560 670 1615 chiffl.
712 1560 747 1613 ba
761 1562 861 1616 medica
869 1563 983 1629 Plinius,
994 1565 1085 1613 Manis
1097 1568 1134 1614 ad
1144 1568 1223 1615 solnm

155 1638 244 1709 Lugd.
267 1650 319 1691 etc.
338 1652 364 1692 et
385 1641 531 1696 editionum
547 1641 667 1695 omniurn
712 1644 770 1692 radi
780 1642 872 1714 jubet,
886 1640 933 1693 lib.
952 1642 1060 1709 XVIII,
1079 1640 1223 1719 153Marra

155 1717 236 1789 paulo
246 1720 435 1787 vetustiorum,
444 1741 504 1794 quss
513 1724 578 1773 mari
586 1722 668 1775 incre·
712 1719 801 1772 adhuc
811 1731 924 1772 utuntur
937 1720 1017 1773 villici
1028 1739 1035 1782 ;
1050 1732 1142 1791 estque
1161 1720 1224 1774 itala

155 1794 230 1850 dibili
238 1817 371 1852 consensu
379 1800 513 1854 exhibent,
525 1804 606 1853 Mario
618 1801 670 1873 pri·
711 1818 765 1853 vox
773 1800 897 1852 omnibus
909 1811 980 1852 nota.
989 1804 1077 1850 Murra
1089 1813 1223 1849 stmmento

155 1894 214 1928 utus
223 1879 383 1949 excogitavit
391 1880 526 1945 Gelenius,
533 1878 606 1953 quod
617 1880 668 1933 hoc
712 1883 850 1939 nasicam,
861 1882 905 1930 che
916 1899 982 1931 serve
988 1900 1035 1947 per
1046 1880 1134 1928 radere
1145 1880 1166 1929 i!
1172 1892 1222 1928 ter·

155 1954 214 2009 loco
224 1970 383 2027 reponeret,
394 1957 475 2031 idque
482 1958 561 2030 piscis
571 1978 667 2012 nomeu
711 1979 780 2024 reso,
790 1980 804 2010 e
813 1963 913 2010 lavorar
921 1978 986 2027 poco
997 1960 1130 2019 addesco,
1137 1958 1224 2008 Voca-

155 2036 586 2091 essevoluit.Pelliceriusinnotis
594 2038 668 2092 MSS.
711 2037 812 2091 bolario
836 2038 903 2091 della
928 2038 1044 2099 Crusca,
1066 2050 1132 2089 tom.
1162 2036 1220 2102 Ill,

154 2112 207 2166 boc
216 2127 401 2167 commentum
415 2118 553 2189 approbat.
568 2116 667 2169 Salma-
710 2134 770 2189 pag.
789 2136 847 2188 117.
861 2116 1039 2188 [langobardis
1057 2114 1155 2168 dicitnr
1170 2134 1223 2165 ma·

155 2194 209 2247 sius
217 2213 312 2247 vocem
327 2195 508 2267 importunum
527 2198 604 2269 plane
624 2216 668 2250 ex·
711 2216 785 2247 rasso
808 2197 935 2258 cultrum,
957 2214 1011 2267 quo
1026 2194 1107 2259 lanii,
1121 2204 1147 2244 et
1165 2193 1222 2245 ooci

155 2274 261 2347 pnngit,
274 2294 303 2345 p.
321 2274 389 2339 2314
399 2295 520 2337 ,securus
529 2276 667 2341 codicum,
710 2294 802 2328 carnes
816 2274 932 2341 cedunt,
945 2286 971 2327 et
983 2278 1124 2325 marasmlo
1138 2272 1226 2326 immi·

155 2366 180 2405 et
191 2353 320 2407 librorum
332 2356 517 2409 vetustiorum.
528 2354 577 2421 stit
589 2360 670 2425 sssajor
710 2367 772 2407 nuta
783 2372 849 2407 soce
859 2355 1062 2407 instrumentum
1078 2353 1110 2406 ad
1126 2353 1222 2406 scarifi-

154 2434 256 2505 legunt,
264 2453 332 2506 quos
343 2433 413 2487 iuter
426 2434 496 2487 idem
508 2434 668 2496 pellicerius,

155 2526 219 2567 teste
228 2514 396 2582 Bondeletio,
408 2512 454 2567 lib.
468 2513 502 2566 de
514 2514 578 2567 Piso.
592 2514 668 2568 Fluv.

154 2611 210 2663 cap.
224 2592 251 2644 8.
264 2592 360 2645 Nullus
373 2605 475 2657 tamen,
489 2592 537 2646 nisi
555 2594 669 2667 interpo-

152 2670 229 2736 latus,
240 2670 326 2725 codex
336 2672 455 2726 anostris
465 2670 585 2727 discedit.
595 2674 667 2739 Quo·
689 2674 694 2683 '

153 2750 191 2803 vis
206 2769 257 2821 ego
273 2751 385 2823 pignore
408 2752 605 2823 contenderim,
629 2766 667 2806 at·

154 2842 226 2882 teute
242 2831 374 2903 explorate
395 2830 519 2883 orationis
534 2832 612 2885 totius
629 2851 669 2884 se·

153 2908 205 2969 rie,
216 2908 425 2964 instrumentum
440 2911 484 2962 hic
499 2910 607 2981 aliquod
623 2931 668 2981 po·

152 2988 208 3040 tius
216 2986 364 3059 designari,
376 2988 462 3061 quod,
473 3001 502 3041 ut
513 2989 593 3062 paulo
607 3001 668 3043 ante

152 3066 281 3131 diximus,
292 3068 400 3140 protelis
409 3068 490 3121 boum
501 3068 667 3141 respondeat,

152 3166 232 3217 quam
244 3148 326 3219 piscis'
341 3148 556 3221 nomemiilsippss
570 3148 667 3201 scimus

153 3224 289 3297 Hesychia
310 3245 367 3280 esse
389 3226 509 3299 ἐργαλεῖον
531 3224 664 3298 ctdnpctiv:

152 3304 292 3369 Murram,
323 3306 526 3358 instrumentum
553 3306 667 3359 ferreum

154 3383 298 3448 rusticum,
313 3382 421 3447 Plinio,
432 3384 599 3448 cotumettae,
617 3384 634 3437 J
636 3405 666 3437 u-

153 3462 238 3514 venali
251 3502 259 3527 ,
272 3462 377 3532 Papia:
392 3462 492 3534 dequo
503 3480 550 3516 nos
562 3464 668 3518 uberius

154 3538 251 3593 dicturi
265 3561 373 3604 sumus,
386 3540 431 3595 lib.
445 3542 542 3607 xvtt,
554 3561 610 3614 cap.
626 3543 667 3609 35,

154 3639 227 3673 uum.
242 3627 268 3683 4.
283 3620 376 3674 Hanc.
397 3651 433 3661 -
448 3624 535 3671 Marta
549 3642 612 3674 vero
629 3637 667 3676 est

154 3698 361 3752 instrumentum
388 3698 510 3751 ferreum.
529 3700 618 3754 lirun.
632 3734 667 3743 -

154 3781 267 3828 Danubio
289 3781 361 3829 suari.
378 3776 490 3831 Codices
513 3780 666 3833 Ambrosiu-

154 3858 188 3917 ni,
199 3856 396 3921 Chislletianus,
404 3856 537 3910 Hermolai
547 3858 666 3927 Barbari,

152 3934 291 3997 Palmarii,
307 3936 463 3989 vetustiores
486 3955 576 3989 ornnes
593 3950 666 4011 typo·

153 4014 247 4087 graphi
261 4015 296 4066 ita
307 4053 315 4078 ,
327 4029 353 4067 et
368 4016 482 4085 genuina
493 4016 592 4069 babent
604 4020 667 4072 scri·

151 4108 229 4167 ptura
242 4115 250 4149 :
267 4094 325 4147 haec
346 4114 401 4146 non
413 4094 586 4149 dissimulavit
598 4098 666 4151 Har·

152 4172 265 4239 duiuus,
284 4174 332 4246 qui
346 4186 499 4244 portentoso
517 4193 666 4233 commento

712 2432 795 2487 cauda
810 2435 917 2485 arbusta
933 2433 1052 2504 perutile.
1071 2434 1133 2499 Quo
1144 2430 1222 2503 igitur

711 2525 790 2585 pacto
800 2511 1119 2565 similiaadextraheudos
1131 2510 1221 2582 ingen·
1272 2552 1275 2557 Δ

711 2604 749 2645 tes
756 2592 841 2664 pisces
850 2604 972 2663 poterant
985 2589 1132 2643 inservire?
1142 2592 1179 2642 De
1190 2588 1222 2642 si-

712 2672 785 2736 luro,
794 2672 841 2742 qui
854 2672 881 2722 iu
890 2670 1014 2722 Danubio
1025 2669 1093 2721 mari
1105 2668 1224 2739 capieba-

712 2754 777 2817 tur,²
789 2748 973 2819 proculdubio
986 2746 1090 2801 disserit
1106 2748 1222 2811 Plinius,

712 2828 918 2901 Danubiumque
927 2846 999 2881 mare
1011 2838 1095 2886 vocnt,
1111 2826 1223 2879 maximi

712 2904 786 2959 fluvii
798 2907 873 2971 ostia,
884 2905 989 2969 endem,
998 2906 1051 2957 imo
1063 2905 1170 2977 majori,
1182 2924 1223 2958 ra·

712 2986 797 3051 tione,
808 3006 860 3058 qna
874 2985 908 3039 de
920 2986 994 3039 Pado
1002 2985 1105 3057 scripsit
1117 3004 1124 3037 :
1137 3008 1148 3031 ι
1159 2984 1223 3057 qnia

711 3078 799 3119 tamen
811 3066 907 3138 largius
915 3066 1014 3130 remit,
1026 3077 1126 3136 septem
1138 3063 1222 3115 maria

711 3144 797 3198 dictus
818 3145 922 3211 iacere;
939 3168 951 3191 ι
964 3156 1004 3195 ‹et
1029 3144 1113 3215 paulo
1134 3143 1222 3195 inira:

712 3251 724 3271 ι
739 3237 827 3295 egesto
845 3223 930 3276 amuis
950 3223 1052 3295 impetu
1073 3242 1121 3293 per
1137 3234 1222 3274 trans·

711 3322 818 3356 versum
840 3302 869 3354 in
893 3300 1073 3355 Adrianornm
1095 3299 1223 3373 paludes,

713 3401 771 3455 quae
792 3393 892 3454 septem
915 3381 1000 3433 maria
1023 3381 1223 3451 appellantur.-

713 3462 751 3514 De
764 3462 821 3533 ipso
842 3459 968 3513 Danubio
986 3470 1095 3511 testatur
1115 3459 1222 3521 Noster,

713 3540 758 3593 lib.
772 3541 822 3606 IV,
843 3558 894 3593 12:
916 3537 1046 3609 ·Stnguta
1065 3550 1152 3592 autem
1175 3557 1222 3590 ora

711 3632 786 3673 tanta
798 3631 874 3684 suut,
890 3630 920 3671 nt
929 3617 1057 3690 prodatur
1066 3618 1093 3669 in
1110 3617 1222 3690 quadra·

710 3700 785 3771 ginta
804 3696 889 3762 millia
901 3716 1028 3769 passuum
1048 3693 1222 3768 longitudinis

711 3777 781 3833 vinci
805 3796 891 3838 mare,
920 3776 1079 3848 dulcemque
1110 3775 1221 3849 intelligi

709 3854 842 3909 haustum.
857 3882 868 3904 ι
896 3855 1016 3910 Fortasse
1038 3854 1222 3909 emendandus

707 3944 846 4000 nurnerus,
856 3948 881 3988 et
888 3934 1048 4007 compendio
1057 3933 1222 3999 reddendus,

710 4017 748 4071 trti
758 4016 983 4088 inantiquioribus
993 4015 1076 4067 libris.
1089 4014 1222 4067 Ceterum

711 4098 788 4151 allata
798 4116 831 4149 ex
840 4093 977 4148 llarduiuo
989 4092 1066 4147 lectio
1080 4109 1163 4163 quum
1178 4090 1222 4143 So
1323 4144 1337 4173 x.

711 4176 766 4229 lino
778 4176 855 4228 etiarn
868 4172 1042 4244 respondeat,
1063 4183 1141 4242 atque
1158 4170 1222 4222 inte
