3200 5159
597 492 755 561 LIBER
781 493 847 559 xl.
1178 497 1257 591 479

177 629 305 699 habent
325 649 440 697 sensus
461 646 574 693 arcem
594 645 603 690 :
622 623 689 693 huc
709 648 872 698 venarum
880 608 906 648 ¹⁶
921 626 1030 695 omnis
1046 650 1068 695 a
1085 626 1187 696 corde
1205 630 1256 697 vis

177 735 306 817 tendit,
320 734 377 803 hic
397 732 519 802 desinit
528 728 551 771 ¹⁷
569 757 578 800 :
599 731 655 800 hic
676 728 811 801 eulmen
830 729 1042 821 altissimum,
1064 733 1254 805 hiemantis

177 858 229 912 est
247 844 406 937 regimen.
423 838 586 909 Omnium
604 851 717 907 autem
740 837 933 908 animalium
953 841 989 909 in
1007 826 1152 936 priora¹⁸
1175 866 1254 937 pro·

177 974 278 1033 num,
300 949 380 1043 quia
393 960 428 1015 et
446 969 561 1015 sensus
578 958 655 1014 ante
668 970 731 1015 nos
746 945 889 1015 tendunt
897 945 932 1015 ¹⁹.
953 946 1008 1015 Ab
1031 944 1106 1016 eo²⁰
1119 948 1253 1043 profici·

178 1058 283 1126 scitur
294 1078 431 1125 somnus
447 1078 455 1120 ε
474 1052 553 1121 hine
568 1052 685 1147 capitis
703 1053 845 1124 nutatio.
861 1054 946 1142 Qun
966 1052 1172 1123 cerebrum²¹
1184 1079 1254 1125 non

177 1162 320 1242 liabent,
337 1186 406 1229 non
419 1159 602 1229 dormiunt.
623 1160 741 1229 Cervis
753 1160 787 1227 in
801 1161 910 1256 capite
920 1158 944 1185 ²¹
958 1162 1066 1231 inesse
1078 1161 1253 1231 vermiculi

142 1308 146 1315 ·
178 1270 241 1339 sub
256 1268 376 1365 linguae
390 1250 592 1355 inanitate²³,
606 1279 639 1333 et
648 1267 738 1335 circa
751 1266 929 1337 articulum
935 1256 973 1354 ²⁴,
985 1292 1050 1362 qua
1061 1281 1162 1363 eaput
1171 1268 1254 1363 jun·

177 1378 279 1472 gitur,
299 1398 440 1445 numeru
462 1374 580 1467 viginti
599 1371 800 1467 produntur.

154 1559 155 1566 ¹
233 1486 272 1553 L.
292 1485 401 1553 Aures
430 1480 559 1549 homini
582 1493 713 1549 tantum
739 1478 928 1550 immobiles
937 1478 957 1550 ¹.
971 1481 1025 1553 Ab
1047 1482 1092 1551 iis<
1115 1480 1251 1553 Flacco·
1274 1507 1284 1543 1
1394 1480 1397 1486 ’

176 1648 411 1705 excrementitialea
418 1649 545 1702 humorea
556 1646 692 1700 dumtaxat
735 1647 817 1701 allert
830 1648 953 1701 Albertna
962 1647 997 1701 de
1009 1648 1124 1702 Animal.
1131 1648 1177 1702 lib.
1189 1650 1254 1719 tlt,

177 1730 370 1803 indigitaverit.
384 1732 432 1783 Ar.
735 1738 812 1781 tract.
827 1729 929 1800 3‚cap.
943 1747 966 1791 r,
975 1748 1004 1800 p.
1020 1729 1080 1781 363.
1090 1729 1179 1781 Hann.

215 1814 258 1864 16.
272 1814 326 1861 Huc
335 1827 467 1861 venarum.
478 1807 512 1858 Et
520 1807 690 1866 arteriarum,
772 1826 815 1859 ao.
825 1810 866 1858 Ab
876 1828 914 1858 eo.
924 1807 1010 1879 Hujus
1018 1808 1059 1861 rei
1071 1826 1178 1860 eausam
1194 1808 1251 1861 ari-

176 1903 208 1943 ut
221 1908 278 1943 moa
290 1900 329 1943 eat
342 1887 479 1961 loquendi.
492 1884 631 1939 Hartm-
646 1888 692 1937 Va·
735 1885 842 1939 atotelea
869 1886 997 1958 explanat
1031 1886 1156 1952 abunde,
1192 1899 1250 1941 tum

177 1990 266 2021 aarum
283 1972 394 2023 omnis...
411 1971 461 2020 uis.
475 1964 623 2017 Miserrime
638 1962 691 2018 dia·
735 1964 782 2019 lib.
791 1966 833 2031 11,
844 1964 879 2018 de
891 1965 963 2018 Part.
972 1971 1025 2019 An.
1035 1984 1095 2038 cap.
1108 1986 1136 2037 7,
1147 1986 1173 2038 p.
1187 1967 1250 2035 986,

177 2048 329 2101 traheretur
348 2045 522 2117 eneephalua,
541 2054 568 2096 et
581 2042 691 2097 daretur
734 2045 848 2099 tumlih.
862 2042 896 2099 de
914 2046 1000 2100 Senon
1020 2058 1046 2099 et
1060 2048 1176 2112 Somno,
1190 2066 1250 2121 cap.

176 2148 299 2201 pessum,
311 2127 421 2182 tantari
433 2125 580 2197 sanguineo
593 2124 690 2188 fertur,
735 2124 760 2183 3.
775 2143 804 2196 p.
820 2125 883 2192 689.
899 2126 932 2179 ll.
947 2131 1026 2179 -Ab
1037 2147 1066 2178 eo
1073 2130 1248 2199 proficiscatur.

176 2210 205 2263 ni
223 2206 372 2263 carotidurn
388 2208 553 2261 internarum
570 2216 596 2258 et
604 2217 690 2257 verte·
733 2200 827 2276 Neque
847 2205 893 2259 hic
910 2224 1017 2260 aeneum
1033 2206 1249 2279 castigatissimua

176 2288 295 2343 brulium
305 2288 443 2341 incurvata
453 2302 583 2356 compage
589 2284 691 2336 minue-
733 2282 862 2355 interpres
877 2286 1049 2355 (Grannum)
1062 2288 1155 2359 attigit.
1177 2287 1248 2341 Nam

177 2379 253 2421 retur
271 2367 406 2439 impetus,
426 2383 506 2437 quem
526 2376 551 2417 et
569 2374 691 2416 extenuat
733 2381 843 2417 uomuua
854 2382 886 2416 ex
897 2384 930 2417 eo
939 2365 1009 2419 valet
1019 2365 1093 2438 qnod
1104 2365 1147 2419 vel
1156 2368 1247 2439 quiete

176 2446 285 2521 pondua
300 2445 397 2519 liquori
410 2443 556 2516 proprium.
571 2444 618 2497 Aa.
734 2462 801 2516 opus
812 2445 847 2499 ait
858 2445 1000 2508 membru,
1019 2446 1061 2498 vel
1079 2445 1153 2517 quod
1169 2464 1247 2501 enee·

217 2545 257 2597 17.
272 2530 318 2578 llic
336 2527 433 2577 desinit.
448 2522 518 2589 Quia
534 2521 690 2575 altissimum
733 2523 1005 2599 phalualerieturjam
1015 2544 1069 2576 non
1078 2544 1167 2597 agenr.
1175 2526 1250 2593 Quo·

176 2606 283 2659 eulmen
294 2602 361 2657 illud
374 2616 412 2657 eat
420 2641 429 2667 ‚
438 2599 551 2655 undead
561 2600 690 2654 inferiora
733 2603 805 2656 eirca
822 2600 922 2665 dicito,
936 2602 959 2656 ai
977 2603 1105 2670 volucria,
1121 2623 1154 2657 ex
1169 2625 1248 2659 ence-

175 2686 285 2757 aangnis
295 2682 391 2738 deinde
400 2681 544 2736 delabitur.
555 2680 646 2732 Hann.
654 2710 690 2721 —
732 2681 919 2755 phaliignavia
926 2700 1049 2735 somnum
1055 2683 1183 2748 derivari,
1192 2705 1248 2739 non

176 2767 223 2817 Hic
235 2768 333 2816 desinit.
343 2762 405 2816 Non
416 2778 492 2815 aecus
507 2777 588 2832 quam
599 2759 628 2811 in
642 2778 691 2813 ca·
734 2779 749 2813 e
761 2760 857 2816 anenno
870 2762 1006 2833 encephali
1019 2762 1159 2832 ignaviam.
1171 2769 1217 2817 Ar.

176 2836 238 2899 teria
248 2844 401 2899 visceribus.
413 2844 459 2893 Ar.
770 2861 814 2895 ar.
837 2844 899 2910 ῥεια
917 2846 1047 2895 cerebrum.
1068 2845 1121 2897 Aut
1145 2843 1248 2917 aliquid

215 2926 256 2979 18.
275 2932 305 2977 In
314 2927 413 2993 priora.
427 2923 460 2975 In
471 2920 606 2974 anteriore
613 2930 689 2992 parte
732 2922 893 2993 analogum,
905 2940 936 2975 ae
948 2924 1161 2995 proportionale,
1173 2924 1247 2999 quod

176 3005 273 3068 situm,
287 3012 331 3065 τὴν
347 3008 411 3059 θέσιν
422 3007 445 3057 la
458 3012 493 3075 τῷ
503 3004 605 3075 πρόσθεν
616 3004 690 3071 Ιχων,
732 3002 926 3057 cerebrivicem
937 3002 1064 3056 obtineat.
1072 3003 1151 3057 Arist.
1162 3004 1213 3057 loe.
1221 3024 1245 3058 e.

177 3086 257 3139 Arist.
273 3084 341 3139 Hiar.
354 3082 467 3135 Animal.
477 3082 522 3133 lib.
539 3080 564 3147 Ι,
573 3099 632 3153 cap·
646 3100 688 3151 17,
733 3088 804 3139 Ποιιῑ
817 3081 847 3137 dl
858 3084 900 3137 καὶ
910 3086 951 3139 τὸν
962 3086 1038 3139 ὕπνον
1047 3088 1097 3147 τοῖς
1109 3087 1178 3148 ζώοις
1189 3094 1247 3140 τοῦ·

175 3184 237 3239 pag.
255 3166 312 3218 118.
332 3163 423 3215 Hann-
732 3186 761 3219 ro
777 3166 805 3217 τὸ
822 3168 903 3236 μόριον
920 3169 970 3229 τοῖς
989 3167 1084 3234 ἔχουσιν
1100 3168 1245 3239 ἐγκέφαλον·

214 3264 255 3315 19.
269 3251 336 3296 Ante
353 3261 397 3294 nos
410 3242 520 3291 rendunt.
535 3239 575 3291 ῘῑΙ
587 3238 651 3310 Ress·
664 3257 688 3291 ²·
731 3248 782 3307 τοῖς
793 3243 823 3298 dl
833 3246 868 3316 μὴ
879 3247 1008 3314 Ιχουσι,τ“ο
1018 3248 1145 3317 ἀνάλογον.
1153 3246 1245 3301 Haan.

176 3328 211 3377 At
229 3326 293 3395 lleg.
318 3342 344 3388 r,
365 3335 424 3373 ante
445 3321 576 3370 ostendant
590 3338 599 3367 .·
615 3316 689 3391 quod
769 3342 811 3376 aa.
827 3327 945 3375 cervisia
959 3323 1121 3392 capr'te.llree
1135 3324 1247 3379 totidem

175 3404 247 3458 idern
261 3402 337 3456 valet.
351 3400 430 3455 Ariat.
446 3397 480 3451 de
492 3398 563 3451 Part.
575 3397 688 3451 Animal.
732 3401 819 3455 verbis
828 3401 1016 3473 Philosophus,
1025 3402 1093 3455 Hiat.
1102 3404 1189 3457 Anim.
1200 3404 1247 3457 lih.

175 3486 224 3538 lib.
245 3483 286 3549 11,
297 3502 356 3555 cap.
376 3498 419 3546 ro,
431 3497 491 3551 pag.
504 3496 553 3547 99¹
576 3497 583 3533 r
600 3475 646 3533 dul
659 3477 688 3533 τὸ
732 3482 774 3546 ΙΙ,
789 3500 848 3553 cap.
864 3482 904 3544 18,
919 3500 981 3554 pag.
994 3485 1055 3535 261.
1069 3482 1165 3538 Hann.
1312 3484 1316 3489 ’

175 3569 310 3637 ἱμπροσθιν
337 3558 399 3617 alam
423 3564 461 3631 lp’
484 3553 503 3627 ᾧ
529 3560 688 3625 αἰσθάνεται,
769 3563 810 3615 23.
823 3566 870 3613 Sub
884 3565 978 3631 linguae
993 3566 1124 3615 inanitate.
1137 3566 1246 3622 Ariatot

178 3643 323 3715 aquoniam
340 3658 432 3694 senene
446 3638 474 3690 in
487 3638 620 3689 anteriore
633 3656 689 3690 cor·
730 3644 849 3699 &mm
858 3651 902 3699 τοῦ
913 3646 1114 3717 ὑπογλωίωι,
1123 3657 1158 3719 τῷ
1164 3651 1245 3721 2004,

175 3724 247 3795 poria
253 3734 328 3795 parte
335 3716 542 3775 collocatur-⁸1⁴2!
554 3716 622 3769 libr0
635 3716 685 3777 111,
737 3749 748 3771 ι
756 3722 806 3776 rub
817 3723 915 3795 lingua
929 3724 1122 3777 concavitate.»
1136 3724 1227 3781 Hann.

176 3821 235 3872 cap.
245 3804 270 3867 3,
281 3820 341 3874 pag.
356 3798 422 3853 1003
439 3818 446 3850 =
469 3800 509 3853 tet
523 3800 551 3852 el
567 3799 688 3868 κσλούμι·
769 3809 813 3865 ad.
824 3806 894 3855 Circa
911 3807 1048 3858 articulum.
1068 3804 1144 3858 Circa
1161 3818 1246 3859 verte·

175 3912 215 3945 νον
234 3890 280 3961 γὰρ
297 3893 430 3961 Ιμπροσθιν
449 3890 466 3945 al
481 3888 594 3948 αἴσθησις
611 3886 654 3940 καὶ
669 3886 686 3941 rl
731 3882 823 3946 brem,
834 3902 886 3955 qua
901 3896 982 3959 caput
996 3883 1092 3937 cervici
1104 3883 1246 3939 committi·

176 3972 280 4035 κίνησις,
289 3986 395 4021 ινετωε
407 3984 466 4021 eam
479 3977 596 4038 partem,
606 3982 688 4036 qnam
732 3974 784 4016 tur.
806 3960 898 4016 illan.

176 4049 293 4123 priorem
305 4046 484 4119 appellamur,
501 4062 593 4098 aeneus
601 4042 688 4097 omnia
768 4042 802 4096 L.
816 4062 838 4096 ι.
849 4048 929 4107 Aretes
936 4044 1030 4095 homini
1035 4045 1175 4095 immobiles.
1185 4044 1248 4111 Qui·

177 4123 689 4217 tendit,'etmotua.·Earnderncausam
732 4120 847 4175 busdam
864 4122 974 4176 mobiles
991 4123 1054 4176 visa
1076 4134 1160 4176 aunt:
1181 4125 1248 4179 mibi
