3200 5159
549 446 552 451 ’
578 451 732 521 LIBER
757 454 825 521 IX.
1164 448 1231 528 153

170 585 299 681 ginquae
304 582 449 653 fornacis
461 580 626 653 cuniculo.
638 586 692 653 Ita
702 582 906 678 despumatis
913 581 1051 651 subinde
1064 586 1232 673 carnibus,

169 714 249 785 quas
260 688 436 759 adhaesisse
451 689 545 757 venis
553 714 686 759 necesse
698 704 765 776 est,
785 688 915 758 decimo
929 688 1032 758 ferme
1047 689 1099 758 die
1111 689 1232 786 liquata

170 793 340 883 cortiua¹²,
350 792 456 865 vellus
475 781 696 865 elutriatum¹³
716 796 878 890 mergitur
894 795 929 862 iu
950 796 1231 890 experimentum

169 916 201 973 et
218 901 326 971 donec
345 901 416 996 spei
431 903 509 971 satis
530 900 610 990 fiat,
630 903 737 971 uritur
758 900 874 996 liquor.
898 902 1034 985 Rubens
1061 901 1164 972 color
1179 909 1231 974 ni-

171 1023 286 1103 grante
305 1006 458 1079 deterior.
479 1007 599 1096 Quiris
619 1004 695 1078 lena
710 1022 804 1104 potat
826 1007 937 1095 horis,
955 1031 1134 1102 rursusque
1146 1036 1231 1080 mer·

171 1116 257 1209 gitur
266 1115 446 1183 carminata
454 1100 603 1201 ¹¹¹,doneo
615 1138 747 1184 omnem
761 1113 873 1183 ebibat
882 1099 1042 1183 suniem¹⁵.
1050 1118 1233 1187 Buccinum
1251 1132 1267 1185 3

171 1245 273 1313 perse
281 1204 306 1243 ¹⁶
315 1218 502 1306 damnatur,
511 1220 666 1313 quoniam
680 1220 794 1292 fucum
805 1219 950 1290 remittit.
969 1218 1102 1315 Pelagio
1119 1221 1229 1293 admo·
1250 1293 1255 1303 ,

171 1326 250 1396 dum
267 1324 465 1421 alligatur¹⁷,
481 1327 655 1423 nimieque
671 1326 743 1421 ejus
760 1326 900 1421 nigritiae
922 1325 979 1395 dat
1009 1329 1232 1399 austeritatem

212 1561 255 1595 ra.
269 1542 376 1613 liquata
398 1541 499 1594 eortina.
517 1540 580 1595 Non
597 1539 679 1595 modo
724 1539 1235 1613 doms,v2r.1ih.1,ep.n‚ubtde

171 1639 215 1676 res
232 1621 341 1691 iprum,
358 1638 431 1673 nnnc
449 1619 552 1673 eortina
575 1632 630 1687 est,
649 1633 682 1677 ut
722 1639 843 1692 purpure
852 1620 898 1673 ille
906 1620 993 1675 multa
1002 1622 1190 1693 pereleganter.
1198 1625 1233 1677 Η.

172 1718 287 1771 pemnpe
301 1701 364 1753 elias
385 1697 490 1765 Plinio,
508 1699 679 1772 Catonique:
766 1701 959 1753 16.Bucclrum
974 1718 1020 1769 per
1039 1721 1072 1754 se.
1094 1702 1194 1757 Suoous
1219 1722 1234 1757 e

171 1778 216 1833 sed
229 1777 304 1851 quod
318 1780 377 1850 ipso
392 1778 471 1831 etiem
485 1797 545 1832 mse
559 1781 679 1833 eontine·
722 1779 836 1833 buocino
844 1817 853 1842 ,
868 1780 972 1850 inquit,
984 1781 1057 1842 solo,
1071 1798 1115 1833 seu
1128 1781 1234 1835 minore

173 1869 225 1912 tur.
235 1859 356 1931 liquata
369 1870 457 1911 autem
472 1857 536 1909 hnic
552 1860 680 1930 cortine,
722 1858 840 1918 concha,
854 1858 1043 1929 improbetur,
1058 1860 1120 1931 quia
1134 1860 1233 1914 tiuotm

171 1937 283 2003 honest,
297 1939 358 2010 igne
375 1934 680 2010 domita,emollitnqne
722 1956 780 1991 rum
797 1936 988 2004 remissiorem,
1005 1956 1050 1993 seu
1070 1938 1158 1991 minue
1178 1941 1233 1993 hu-

171 2016 254 2082 sdeo,
265 2035 296 2071 ee
305 2016 445 2079 resolute,
459 2028 490 2069 ut
499 2016 569 2069 nihil
578 2018 680 2085 earnis,
722 2029 825 2070 rentem
836 2016 928 2069 velleri
939 2017 1016 2083 lucit,
1027 2018 1166 2089 minusque
1177 2018 1234 2073 diu·

171 2093 280 2161 durive,
303 2094 417 2167 supersit
439 2096 558 2166 uspiam,
578 2098 680 2168 opponi
724 2094 1234 2170 tumsmetverosddatnretpurpura,

171 2174 277 2229 videtur
291 2176 434 2229 immatura
451 2173 595 2246 viridisque
614 2177 678 2243 ille,
722 2193 781 2247 quae
795 2175 897 2245 pelagis
912 2174 989 2229 etium
1009 2174 1116 2240 dicitur,
1139 2189 1166 2231 et
1182 2196 1236 2230 ma·

172 2258 248 2326 cujas
261 2255 362 2308 mentio
377 2271 441 2307 mox
456 2254 582 2316 limetur,
598 2256 679 2309 norti-
723 2254 863 2326 gnitudine
880 2252 960 2308 distat
979 2272 993 2307 e
1016 2256 1145 2320 bucciuo,
1168 2269 1232 2311 tnnc

171 2352 213 2387 ns.
221 2334 368 2389 Pertinebit
375 2333 429 2387 hnc
439 2334 507 2386 torte
513 2333 679 2406 etiem,qnod
722 2334 790 2389 lrnn
804 2333 878 2386 color
888 2333 1018 2404 alligetur,
1027 2348 1056 2388 ut
1071 2335 1124 2388 elui
1136 2334 1233 2389 deinde

172 2414 235 2467 alibi
247 2414 349 2467 Plinius
359 2413 417 2467 aits
434 2413 520 2465 atae
530 2414 620 2466 omnia
631 2432 680 2485 pa·
722 2432 777 2467 non
791 2413 882 2483 possit.
897 2411 930 2465 Id
947 2414 1020 2466 enim
1040 2433 1094 2467 esse
1115 2416 1230 2469 oolorem

172 2492 237 2547 riter
255 2492 458 2565 decoquebant,
483 2488 569 2545 decies
593 2491 679 2547 deler-
722 2492 841 2563 alligari,
858 2492 960 2545 Plinius
976 2493 1034 2565 ipse
1052 2491 1144 2559 docet,
1163 2496 1232 2547 libro

172 2584 291 2626 vescente
302 2572 414 2625 eortius.
428 2597 439 2618 ι
464 2571 555 2625 Hsen.
723 2572 846 2637 XXXII,
862 2589 918 2640 cup.
933 2590 983 2636 ss,
999 2572 1047 2625 ubi
1061 2570 1094 2625 de
1105 2572 1162 2644 elge
1178 2593 1232 2627 ma·

214 2652 259 2705 13.
272 2652 358 2704 Vellere
376 2651 523 2704 elutriatum.
547 2651 680 2705 Elutriere
722 2650 781 2706 rins
801 2668 809 2703 :
829 2676 840 2698 ι
851 2650 997 2721 'lingendis
1015 2651 1093 2705 etiam
1110 2651 1176 2705 lunis
1196 2654 1232 2706 ita

170 2730 266 2794 linem,
281 2730 350 2784 dixit
364 2730 488 2784 Decimus
508 2731 635 2783 Laberius
650 2731 679 2785 in
722 2731 839 2783 colorem
848 2730 950 2801 alliget,
966 2741 997 2783 ut
1008 2731 1061 2783 elui
1076 2744 1166 2802 postea
1176 2750 1232 2785 uon

171 2808 413 2877 Staminariis,hoc
425 2808 678 2881 est,elnendopnr·
722 2810 838 2882 possit.-
853 2810 945 2862 lirun.
1055 2856 1057 2861 .

171 2908 241 2962 gere.
257 2890 350 2943 Hero.
368 2922 409 2933 -
429 2890 514 2943 Vellus
533 2890 677 2943 altariolum.
766 2908 811 2959 17.
825 2890 929 2959 Pebgr'o
952 2890 1079 2943 admodum
1096 2889 1232 2959 olllgatar,

171 2970 387 3040 Μιταγγιζόμινον
395 3008 404 3035 ,
428 2981 637 3036 transmeatum,
664 2988 680 3022 n
723 2980 773 3021 etc.
787 2969 876 3040 Lege:
890 2968 992 3039 Pelagio
1006 2970 1127 3021 odenatum
1141 2970 1231 3041 alliga·

171 3048 242 3102 lutra
251 3067 326 3114 rese,
334 3049 389 3113 vel,
400 3059 431 3100 ut
440 3046 549 3120 quidem
558 3061 679 3112 censent,
724 3060 773 3112 tur,
782 3051 906 3119 nimieque
917 3050 967 3118 ejus
982 3051 1088 3118 nigritia
1099 3048 1143 3099 dat
1153 3065 1233 3102 auste-

172 3148 189 3181 α
200 3127 275 3195 lura,
291 3128 362 3180 nnlei
375 3145 422 3180 ore
441 3146 449 3181 ε
467 3126 541 3181 uude
558 3127 680 3181 lurcones
724 3131 816 3180 ritatem
825 3128 909 3193 illam,
924 3140 974 3181 eto.
988 3128 1135 3182 Buucinum
1147 3131 1232 3183 solum

173 3207 266 3273 Festo,
281 3207 349 3279 gnte
364 3206 468 3279 capacis
484 3207 614 3261 homines.
628 3206 679 3259 Le·
722 3225 753 3260 ec
773 3226 866 3277 perse
887 3205 1036 3273 damnatur,
1060 3207 1121 3278 quia
1142 3208 1233 3263 fucum

172 3288 247 3341 berio
263 3299 353 3339 temen
365 3287 478 3339 elutriare
490 3286 577 3351 lintea,
592 3285 679 3339 lavare
722 3286 841 3339 remittit.
852 3286 958 3355 Pelagio
966 3285 1102 3339 admotum
1113 3286 1234 3357 alligetur

173 3380 225 3433 est,
243 3378 271 3419 et
288 3366 432 3431 lubandria,
446 3364 554 3419 sordida
570 3383 628 3436 qum
644 3367 681 3419 la·
723 3385 753 3418 ac
769 3364 861 3419 fucum
875 3384 949 3417 suurn
966 3378 1046 3419 tenet.
1064 3366 1175 3435 Alliguri
1192 3368 1232 3421 di-

172 3446 228 3499 reri
239 3458 356 3517 oportet.
368 3443 455 3498 Rhod.
465 3446 517 3497 XV
519 3447 575 3508 111,
592 3451 642 3512 40,
652 3458 680 3499 et
724 3457 821 3499 ounmr
827 3444 927 3499 colores
937 3446 983 3515 qui
991 3462 1046 3497 non
1058 3445 1133 3497 facile
1141 3445 1234 3501 eluun.

172 3525 347 3579 auetorinl'ra
359 3525 436 3589 XIV,
451 3542 496 3595 ¹7·
513 3526 614 3579 Denuo.
725 3537 783 3590 tur,
803 3542 853 3576 neo
877 3524 969 3577 fucum
989 3525 1138 3577 remittunt.
1158 3526 1232 3580 Idem

215 3611 261 3670 14.
276 3605 426 3659 Carminata.
438 3603 524 3657 varro
535 3643 543 3668 ,
555 3604 589 3657 de
601 3604 678 3674 Liug.
724 3604 771 3657 lib.
785 3604 910 3669 XXXII,
921 3622 944 3657 c.
958 3622 985 3673 7,
997 3601 1031 3656 de
1042 3604 1098 3674 alga
1108 3606 1209 3659 marina
1227 3626 1233 3658 ε

173 3684 228 3739 Int.
238 3684 286 3739 lib.
298 3685 422 3754 V1,pag.
437 3682 491 3754 75:
506 3709 518 3730 ι
532 3684 681 3737 Carmineri
725 3683 883 3753 «Tingentis
895 3684 973 3735 etiam
987 3684 1053 3737 lanis
1064 3684 1100 3735 ita
1116 3684 1232 3741 colorem

172 3762 270 3819 dicitur
288 3777 345 3817 tum
360 3764 436 3829 lane,
455 3780 539 3833 quum
557 3776 628 3816 earet
648 3781 680 3815 eo
723 3762 886 3832 alligaremur
897 3763 950 3814 elui
962 3775 1050 3833 postea
1059 3782 1114 3815 non
1123 3766 1230 3832 possit.»
1344 3815 1348 3821 ,

174 3844 245 3914 quod
258 3843 284 3895 in
299 3862 329 3895 ea
347 3856 386 3896 est
398 3860 523 3913 nequam.
537 3867 548 3889 ι
562 3842 680 3907 Nostris,
725 3843 765 3894 Ite
784 3843 906 3913 elligetur
921 3842 1082 3903 buccinum,
1097 3841 1232 3897 admotum

175 3922 203 3974 de
216 3925 242 3974 la
249 3924 314 3975 lame
324 3923 416 3974 carlile.
431 3922 521 3973 lieno.
724 3921 830 3993 Pelagio
842 3922 883 3975 rel
898 3918 1061 3986 admixtum,
1077 3940 1158 3992 quum
1172 3924 1235 3977 alias

217 4004 261 4056 15.
280 4002 374 4055 Ettbar
387 4006 485 4053 aarum.
499 4000 681 4053 Pulcherrima
724 4019 773 4071 per
784 4020 811 4052 se
818 4001 934 4055 colorem
944 4021 998 4053 non
1009 4014 1103 4054 teneat.
1118 4001 1233 4067 Sennis,

174 4082 411 4141 ebrietatembeat',
421 4079 681 4153 utloquiturCessio·
724 4080 839 4134 Exercit.
851 4081 963 4134 Pliniau.
974 4099 1034 4152 pag.
1051 4079 1135 4133 1132.
