3200 5159
362 481 432 567 adli
632 480 670 548 C.
697 478 867 548 PLINII
891 477 998 548 NAT.
1023 480 1150 548 HIST.

361 619 471 709 itaque
482 613 601 682 terrori
612 625 689 680 sunt
703 611 802 680 etiam
815 608 982 682 leonibus⁷
997 611 1140 681 ferarum
1155 611 1424 705 ‘gmerosissimic

361 726 436 791 Inm
452 745 492 788 ex
510 719 562 787 his
576 716 709 813 quidam
732 717 774 786 ad
792 717 879 787 bella
895 732 1023 787 tantum
1041 733 1076 786 et
1092 717 1203 813 praelie
1217 717 1347 790 assidua
1364 743 1424 788 nu·

363 840 519 912 scuntur,
539 825 658 918 quibus
670 825 767 892 etium
781 825 905 918 patrius
917 823 1150 910 nobilitarunt,
1166 824 1324 894 Rhodum
1331 811 1356 912 ⁸,
1366 841 1426 894 aut

329 929 580 1026 emungunt
611 929 782 1000 Secundus
815 945 866 1000 est
893 931 999 999 honos
1025 930 1157 999 habitus
1178 928 1306 1000 Melicis
1316 929 1361 1015 ¹⁰,
1391 947 1426 1000 et

328 1107 331 1115 ,
363 1035 579 1124 Chalcidicis,
600 1050 636 1104 ut
654 1034 751 1130 plane
770 1035 877 1129 dignm
894 1035 964 1105 aliti
981 1050 1111 1106 tontum
1125 1037 1263 1106 honoris
1280 1037 1426 1130 praebeat

364 1167 501 1212 romana
527 1140 716 1272 puryura'fl
747 1145 876 1211 Horum
896 1157 974 1210 sunt
991 1141 1136 1236 tripudia
1145 1140 1168 1166 ¹²
1189 1140 1357 1212 solistima.
1381 1146 1425 1212 Hi

364 1246 592 1344 magistratus¹
630 1262 762 1317 nostros
794 1248 943 1342 quotidie
972 1261 1110 1342 regunt,
1136 1247 1318 1341 domosque
1347 1251 1426 1344 ipsis

404 1421 431 1473 7.
450 1403 576 1457 mebiu.
591 1399 663 1456 Vide
682 1421 741 1475 que
758 1399 876 1456 diximus
919 1403 955 1455 eit
966 1401 1127 1467 Columella,
1137 1403 1190 1454 loe.
1201 1402 1247 1455 eit.
1257 1405 1427 1473 poetVarro·

365 1483 436 1536 libro
449 1496 560 1546 octavo,
583 1499 641 1551 cup.
661 1501 706 1552 19.
723 1483 814 1536 litun.
918 1500 994 1546 nem,
1006 1483 1095 1535 littera
1105 1481 1426 1556 mutataIIeliooeappel·

406 1562 434 1614 8.
448 1563 574 1626 Rhodam,
589 1573 638 1614 etc.
654 1562 817 1627 Columella,
827 1562 876 1614 lib.
919 1562 993 1615 lavit.
1006 1562 1097 1616 liano.

366 1641 451 1705 VIII,
465 1660 522 1712 cup.
536 1660 569 1706 ι,
584 1659 644 1712 pag.
657 1643 729 1694 280:
746 1666 758 1687 ι
768 1641 875 1704 Greci,
963 1661 1005 1694 ιι.
1027 1641 1136 1692 Romana
1146 1659 1264 1710 purpura.
1278 1635 1425 1693 Consulum

366 1719 492 1791 quoniam
509 1737 618 1792 procera
633 1737 761 1790 corpora,
777 1732 805 1772 et
819 1720 877 1772 uni·
920 1720 1093 1790 magistratui.
1117 1719 1160 1772 Sic
1184 1718 1297 1771 Ovidius
1318 1713 1353 1768 de
1382 1715 1426 1766 Pi·

366 1817 425 1852 moa
442 1797 476 1852 ud
491 1799 581 1869 prolia
600 1799 746 1869 pertinaces
760 1799 879 1870 require
919 1817 982 1852 eone
993 1817 1003 1855 ε
1015 1824 1027 1847 ι
1037 1798 1130 1864 Quum
1136 1799 1427 1852 tuebieeenoeuumere·

366 1879 445 1942 bant,
458 1878 592 1949 precipue
605 1878 781 1948 Tanagricum
794 1877 878 1949 gello·
919 1891 960 1930 ret
982 1896 1101 1949 purpura
1129 1878 1219 1931 focoeu
1238 1903 1250 1924 ι
1287 1877 1322 1928 Et
1344 1873 1426 1927 lib.1

366 1976 427 2011 rum
434 1969 563 2029 gemmet
572 1957 708 2010 lihodium
715 1958 876 2028 prebebunt:
921 1956 1076 2010 Factorum:
1090 1957 1223 2028 «Jamque
1236 1957 1300 2008 novi
1307 1964 1429 2024 preeunt

367 2054 417 2088 nec
434 2035 522 2090 minue
539 2035 737 2100 Chalcidicum,
754 2050 780 2089 et
794 2035 879 2090 Medi·
919 2037 1013 2098 Iascen,
1023 2035 1341 2107 novepurpumlulget.·
1357 2032 1428 2085 Vide

367 2134 445 2178 cum,
457 2114 531 2187 quod
540 2115 574 2168 ab
583 2115 707 2186 imperito
718 2115 797 2185 vulgo
807 2116 878 2168 litte·
920 2134 979 2187 qun
992 2116 1106 2168 diximus
1121 2115 1257 2186 superiore
1269 2115 1355 2172 lilim,
1368 2130 1427 2182 cap.

367 2193 874 2266 mmotauttelicumappellatur,ete..
922 2198 966 2248 60.
980 2196 1072 2248 Iino.

368 2273 438 2326 Petu.
449 2273 650 2343 Quiquerunue,
660 2273 694 2326 de
703 2271 789 2327 Inud.
797 2274 877 2326 Prov.
963 2292 1008 2328 υ,
1024 2275 1150 2345 Τνῲιιᾰλα,
1164 2275 1254 2328 Festus
1266 2293 1275 2328 a
1286 2295 1298 2316 ·
1309 2271 1372 2324 Pau
1381 2288 1428 2341 po·

367 2351 417 2405 lib.
432 2353 472 2418 11,
489 2353 535 2405 Iul.
555 2351 590 2406 38
606 2371 614 2405 :
633 2351 755 2406 «Rhodii
769 2353 879 2424 quidem
921 2353 1050 2406 tissimum
1068 2352 1181 2407 debetur
1194 2353 1274 2426 pultis
1293 2351 1322 2406 in
1339 2350 1428 2422 eoepi-

367 2433 484 2501 geuerie‚
499 2431 606 2503 iuquit,
624 2433 691 2484 mihi
709 2432 793 2502 gallus
810 2451 879 2486 unus
920 2433 1045 2504 ciin,quia
1053 2452 1085 2486 ex
1099 2452 1246 2487 enneceeee
1256 2445 1314 2485 erat
1325 2429 1428 2502 aliquid

369 2510 692 2576 annotationum,
712 2522 739 2563 et
756 2511 802 2564 ille
818 2511 878 2582 qui·
920 2510 1140 2584 decidere,quod
1146 2511 1427 2584 Tripudiumfaoeret,

368 2586 429 2642 dem
444 2609 500 2643 non
516 2590 611 2660 exigno
627 2607 692 2642 auro
705 2587 877 2662 redemptus:
920 2590 949 2644 id
957 2605 1009 2658 eet,
1023 2593 1114 2645 Teme
1123 2593 1247 2664 pavium:
1258 2590 1348 2662 pavire
1356 2589 1428 2641 enim

368 2680 495 2722 cnternm
510 2669 537 2720 in
549 2688 579 2722 eu
591 2681 664 2722 etate
675 2682 727 2722 tam
742 2670 879 2740 migneni-
920 2671 1000 2724 ferire
1015 2684 1062 2725 eet.
1073 2696 1085 2719 ι
1103 2671 1266 2724 solistimum
1280 2687 1344 2722 vero
1359 2666 1430 2720 dice·

367 2759 444 2812 mne,
465 2748 606 2818 animoque
619 2746 654 2802 ed
667 2748 758 2818 prelia
771 2768 879 2820 compa·
920 2750 986 2802 bant
996 2751 1029 2803 ab
1038 2751 1094 2802 imo
1105 2747 1262 2820 oolo‚quod
1274 2748 1329 2800 offa
1339 2765 1372 2799 ex
1381 2764 1428 2800 ore

367 2841 440 2892 rato,
463 2839 546 2880 utne
569 2828 661 2882 liceret
685 2826 795 2898 quidem
819 2827 878 2881 cani
920 2827 1017 2882 cadens
1035 2830 1156 2894 feriebat,
1174 2840 1205 2883 ut
1231 2827 1326 2881 Cioem
1346 2825 1429 2878 refert

367 2907 486 2959 chortem
495 2906 670 2973 intremui
679 2907 747 2958 male
757 2906 879 2959 mulctari
920 2905 955 2961 de
969 2908 1086 2961 Divinat.
1100 2908 1149 2960 lib.
1163 2908 1190 2972 1,
1209 2925 1269 2978 pag.
1288 2909 1352 2961 168.
1368 2905 1429 2958 IIoc

368 2985 448 3039 vellet
467 3003 474 3038 ε
494 2985 644 3056 vulgarium
664 3003 728 3038 vero
747 2985 879 3056 gullomm
919 3005 1015 3058 genem
1024 2987 1128 3055 augurii
1138 2984 1428 3048 mnximeueiliomuui,

368 3064 873 3136 quoscumqueeeeequehutur‚occidit»
919 3079 951 3119 ut
970 3066 1056 3138 praelii
1077 3077 1201 3119 eventum
1224 3066 1428 3133 conjectarent:

367 3144 459 3197 Hono.
919 3164 981 3198 nam
997 3145 1019 3198 ei
1033 3144 1110 3198 avide
1124 3145 1215 3198 cibum
1228 3145 1347 3198 oblatum
1360 3142 1428 3214 pulli

409 3241 437 3292 9.
461 3223 611 3292 Tanagram.
633 3224 673 3274 De
694 3221 768 3294 gallio
788 3223 877 3276 Tana-
919 3237 1085 3296 oppeterent,
1095 3226 1258 3296 auspicatum
1266 3224 1325 3277 fuit
1336 3225 1428 3283 Hano.

366 3302 456 3374 graio,
478 3315 575 3372 preter
597 3301 773 3357 Columellam
793 3302 877 3356 modo
918 3305 1059 3375 -Neque
1070 3302 1098 3356 id
1105 3303 1256 3368 dunum,
1269 3321 1353 3374 quum
1364 3321 1430 3374 pro·

366 3380 521 3447 laudatum,
537 3382 624 3434 Varro
639 3380 673 3434 de
689 3381 728 3433 lte
750 3393 816 3435 ruu.
829 3382 876 3436 lib.
919 3381 1031 3436 denotet
1041 3402 1056 3435 e
1066 3401 1146 3436 caven
1154 3384 1243 3437 εἰδυω
1253 3383 1374 3436 oblatum
1385 3401 1430 3436 aa·

365 3461 421 3522 111,
436 3477 494 3529 cap.
508 3479 540 3529 9,
553 3479 581 3530 p.
598 3461 663 3527 574.
677 3459 826 3514 Proverbio
839 3463 877 3532 ja-
918 3475 1224 3532 pereuonrecunareut,
1248 3460 1295 3516 ned
1306 3474 1334 3515 et
1345 3479 1430 3533 quum

365 3539 471 3592 ctobunt
478 3540 597 3616 Veteres,
610 3540 760 3610 ἀλεκτρυόνα
769 3540 875 3597 ἀθλητὴν
919 3540 1141 3594 intendendum
1157 3542 1226 3594 nihil
1241 3542 1270 3594 in
1286 3555 1384 3594 terram
1398 3558 1431 3594 ex

365 3620 532 3689 Ταναγραῖονε
546 3617 662 3689 «gallum
671 3619 876 3688 pugilemTanu-
920 3638 967 3672 ore
975 3618 1228 3674 decidet-etflorum
1243 3620 1431 3674 alteruuumei

364 3715 474 3769 gruum.
486 3721 498 3743 ι
513 3695 584 3750 Vide
599 3695 716 3750 suidam.
735 3698 825 3751 Huuo.
918 3697 1182 3762 eccidieaet‚tristenc
1192 3700 1371 3770 perniciosum
1383 3717 1431 3752 au·

193 3837 198 3847 ,
313 3815 330 3824 .,
407 3796 448 3830 ιο.
478 3775 573 3828 Melicis
612 3775 733 3830 Medicoe
758 3776 876 3848 appellnt
918 3779 1025 3848 gauium
1038 3779 1202 3832 censebetur.
1216 3779 1309 3833 Festus
1323 3779 1432 3832 ineoce

364 3856 469 3922 Varro,
485 3855 535 3909 loc.
553 3856 595 3910 cit.
612 3873 670 3927 pag.
689 3856 756 3923 103,
772 3869 799 3909 et
812 3875 874 3929 pag.
918 3856 988 3910 Pult.
1009 3855 1079 3911 Vide
1094 3859 1167 3912 Alex.
1186 3859 1220 3910 ab
1238 3859 1315 3912 Alex.
1336 3858 1385 3912 lib.
1401 3857 1431 3926 Ι,

367 3935 416 3989 105
431 3953 438 3990 :
457 3962 469 3984 ι
482 3935 600 3990 Gallium
615 3934 746 4002 Medicas,
761 3936 826 4009 quia
842 3955 875 3990 ex
918 3954 976 4007 cap.
991 3955 1038 4005 ²9·
1052 3939 1155 3990 Dmc.

362 4015 452 4070 Media
462 4029 573 4089 propter
582 4015 791 4086 magnitudinem
798 4028 876 4070 erunt
962 4019 1008 4072 13.
1027 4017 1067 4068 Hi
1078 4020 1241 4086 magistratus.
1255 4016 1376 4082 Horum,
1387 4018 1430 4070 in·

361 4094 452 4150 allam,
465 4122 477 4144 ι
498 4095 550 4149 Sed
565 4095 719 4164 imperitum
729 4095 834 4166 vulgue,
844 4107 875 4148 ut
918 4095 994 4166 quit,
1020 4095 1144 4166 empioiie
1161 4097 1328 4168 magistrum
1344 4095 1431 4152 nostri
