3200 5159
591 572 750 671 utana
775 572 845 641 ιιι.
1173 570 1251 664 489

234 706 306 774 LV.
329 701 442 773 Media
464 728 580 773 eorum
604 702 750 775 cornua¹
766 702 961 773 fenestravit
984 700 1135 797 pupilla,
1157 703 1251 795 cujus
1273 735 1284 770 ι

181 813 342 905 angustiae
363 834 430 877 non
450 810 564 879 sinunt
583 812 697 904 vagari
714 812 875 880 incertam
894 808 1018 892 aciem,
1039 822 1073 877 et
1091 807 1182 877 velut
1203 832 1254 877 ca·

184 914 252 1009 nali
279 916 440 1010 dirigunt,
462 916 635 1010 obiterque
657 916 836 985 incidentia
857 912 952 983 facile
973 913 1140 983 declinant
1156 913 1251 983 :aliis

182 1022 285 1117 nigri,
303 1020 375 1091 aliis
390 1022 460 1089 ravi
470 1022 494 1110 ¹,
512 1020 583 1091 aliis
596 1020 703 1116 glauci
717 1019 838 1091 coloris
851 1006 1005 1089 orbibos³
1020 1018 1250 1107 circumdatis3

183 1142 223 1196 ut
236 1127 339 1198 habili
358 1128 499 1197 mixtura
521 1143 555 1197 et
575 1129 761 1223 accipiatur
781 1128 996 1221 circumjecto
1016 1126 1162 1196 candore
1181 1125 1253 1215 lux,

181 1247 218 1302 et
234 1247 418 1328 temperato
435 1257 632 1329 repercussu
646 1258 714 1303 uon
728 1233 921 1329 obstrepat:
937 1231 1087 1327 adeoque
1100 1234 1139 1302 iis
1154 1233 1253 1303 abso·
1301 1244 1305 1261 “

183 1336 254 1409 luta
265 1341 314 1409 vis
326 1337 470 1435 speculi,
488 1354 525 1410 ut
539 1353 607 1410 tarn
620 1363 723 1435 parva
739 1338 794 1409 illa
812 1337 937 1436 pupilla
952 1352 1055 1408 totam
1075 1340 1252 1434 imaginem

184 1444 302 1515 reddat
328 1446 482 1515 hominis.
510 1449 560 1515 Ea
592 1470 692 1516 causa
723 1433 811 1533 est⁴,
831 1461 870 1515 ut
901 1443 1067 1540 pleraeque
1096 1444 1253 1514 alitume

183 1552 337 1621 manibus
362 1552 539 1622 hominurn
572 1550 687 1621 oculos
713 1552 921 1647 potissimum
951 1564 1134 1646 appetant,
1162 1550 1252 1646 quod
1312 1641 1316 1649 ⁸

182 1656 328 1751 effigiem
347 1682 439 1727 suam
455 1660 489 1727 in
504 1658 544 1733 iis
559 1672 751 1745 cernentes,
774 1656 920 1728 velutad
933 1668 1076 1751 cognata
1090 1655 1253 1727 desideria

186 1788 247 1833 sua
269 1764 419 1835 tendunt

236 1872 395 1941 Veteriua
417 1885 546 1941 tanturn
564 1854 735 1967 quadam,
754 1871 980 1942 adoramenta
998 1874 1103 1941 Lunae
1115 1871 1252 1941 morbos
1271 1895 1286 1928 ²
1403 1917 1407 1928 ·

183 1977 338 2051 sentiunt.
361 1976 425 2046 Sed
448 1976 550 2048 horno
571 1976 661 2049 solus
679 1980 797 2048 emisso
819 1964 979 2047 humore⁵
1002 1976 1147 2047 caecitate
1169 1977 1254 2046 libe·

224 2130 283 2182 LV.
294 2130 504 2184 1.Mediaeorum
514 2132 699 2186 commeans
740 2152 796 2187 uon
818 2132 980 2205 exemplaria
1001 2131 1082 2186 modo
1100 2130 1205 2186 laudata
1219 2142 1256 2184 te-

184 2226 306 2274 coruea,
327 2210 430 2281 induit,
452 2212 549 2265 tunica
569 2212 699 2277 cortices,
741 2223 853 2272 stantun
868 2212 913 2265 sed
925 2224 952 2265 et
963 2212 1116 2266 Aristoteles
1126 2212 1197 2284 ipae,
1208 2230 1255 2264 cn·

186 2288 310 2364 pupilla,
332 2308 382 2343 ceu
413 2288 535 2363 quadam
560 2290 699 2361 utriusque
740 2294 783 2363 jus
798 2292 881 2345 verba
902 2292 960 2345 hacc
984 2302 1063 2344 aunt:
1082 2291 1254 2345 «Oculorum

185 2368 258 2421 oculi
270 2368 383 2422 fenestra
402 2370 552 2424 translucet.
563 2369 637 2423 Hanc
648 2372 699 2423 La·
741 2370 783 2435 id,
799 2372 903 2444 inquit,
925 2369 1000 2443 quod
1015 2372 1106 2425 album
1123 2370 1253 2433 diximus,

186 2448 237 2499 tini
250 2460 277 2501 et
296 2448 441 2521 pupillam,
459 2462 486 2504 et
506 2450 613 2523 nigrum
627 2450 699 2503 oculi
742 2450 869 2504 omnibus
882 2452 937 2504 fere
948 2450 1019 2503 idern
1030 2469 1037 2504 :
1050 2451 1156 2523 nigrum
1168 2462 1256 2503 autern

185 2540 290 2582 vocant.
303 2528 374 2589 Huic
388 2530 460 2587 orbis
470 2530 537 2585 alter
550 2528 699 2582 circumda·
740 2529 950 2585 arietantium
972 2528 1131 2602 quibusdam
1149 2530 1256 2601 nigrum

185 2618 232 2659 tur
245 2606 344 2661 diversi
357 2610 468 2674 coloris,
483 2610 529 2681 qni
544 2610 587 2680 ipre
601 2607 701 2663 idcirco
742 2628 805 2663 sane
817 2622 872 2664 ests
885 2610 941 2663 aliis
950 2623 1037 2662 autem
1051 2610 1155 2663 casium
1167 2608 1257 2662 admo·

186 2686 700 2761 nominatur:Pollucioprsddm,quod
742 2686 1076 2753 dum,nouuullislulvum
1088 2690 1256 2752 cineratum,
1298 2686 1304 2699 '

184 2766 316 2837 pupillam
331 2768 450 2821 continet
463 2770 491 2821 iu
509 2788 552 2831 se,
570 2787 618 2822 ceu
631 2769 699 2840 lapi·
742 2768 900 2841 ‹pribuadam
909 2768 1049 2840 caprinum
1060 2787 1083 2822 :n
1099 2770 1150 2828 τοῖς
1159 2768 1257 2840 μὶνγάρ

186 2843 249 2897 clem
270 2846 361 2900 lunda.
377 2848 440 2900 Vox
460 2860 548 2902 autem
564 2850 700 2915 fenestram
743 2852 796 2902 ion
811 2852 903 2921 potas,
915 2852 965 2910 τοῖς
983 2844 1013 2901 di
1031 2843 1126 2920 σφόδρα
1137 2852 1256 2918 γλαυκὸν,

186 2924 282 2979 Plauto
296 2940 375 2991 nota,
397 2938 425 2980 et
438 2928 584 2981 Fortunato
603 2929 632 2981 iu
646 2928 699 2982 vitu
742 2924 962 2999 τοῖςδῑχαροπδν,
976 2925 1258 2999 ΙιῖοιςδίαἶγωπόνῶΕ
1341 2936 1349 2951 “

186 3003 214 3057 S.
226 3004 317 3058 Albini
328 3006 417 3079 Episc.
431 3006 533 3079 Andeg.
546 3026 574 3061 n.
588 3008 632 3062 18.
643 3006 677 3060 ll.
742 3009 860 3080 caprinis
872 3026 953 3079 supra
965 3007 1075 3063 Plinius.
1091 3006 1182 3060 Hanc.

229 3102 255 3137 a.
280 3086 347 3138 Atta
372 3091 452 3157 aspri,
478 3088 534 3140 aliis
560 3090 625 3149 ravi,
644 3088 700 3140 aleis
785 3090 812 3142 3.
829 3087 943 3141 Orbibus.
958 3085 1058 3140 Iridem
1075 3088 1145 3140 oculi
1156 3086 1258 3139 utrius·

186 3162 271 3231 glauci
281 3166 368 3218 coloris
379 3166 475 3219 orbibus
487 3167 647 3219 circumdatis.
657 3167 698 3220 Ita
742 3186 794 3240 que
815 3166 953 3239 intelligit,
975 3184 1035 3238 qun
1056 3180 1082 3219 et
1103 3166 1258 3219 orbicularis

186 3243 252 3313 Reg.
272 3260 284 3294 t
294 3282 303 3309 ,
321 3263 350 3309 a,
371 3244 462 3299 chiffl.
480 3246 563 3300 Paris.
576 3248 699 3317 Interpo·
741 3248 813 3301 linea
823 3248 927 3318 γραμμὴ
934 3247 1127 3316 κυιλοτιρὴς,ει
1138 3242 1256 3316 σφενδόνη

186 3320 286 3374 latores
300 3322 419 3384 edidere.
432 3326 488 3378 aliis
499 3328 561 3387 atri,
573 3324 629 3377 aliis
639 3324 699 3395 rust:
743 3327 907 3398 appellatur,
923 3338 954 3379 ut
964 3325 1088 3379 diximus.
1105 3326 1196 3378 liano.

186 3418 220 3453 ex
230 3420 282 3453 una
288 3421 353 3457 voce
362 3404 467 3476 gemino
477 3404 567 3458 colore
574 3404 698 3458 oouiicto.
758 3433 760 3442 v
784 3413 810 3470 4.
820 3406 862 3458 lia
872 3426 945 3457 causa
957 3419 1001 3457 est.
1011 3406 1077 3458 Eam
1089 3422 1144 3459 ease
1153 3422 1257 3459 oausam
1319 3456 1326 3469 ,

188 3479 301 3534 Festus:
316 3484 509 3538 -aaviootoris
520 3483 698 3557 appellantur,
742 3486 788 3539 aix
802 3504 852 3557 ego
872 3498 964 3556 putem
982 3504 989 3537 :
1010 3504 1072 3539 narn
1093 3498 1120 3539 et
1143 3484 1257 3538 vicinam
1354 3546 1363 3561 ·

187 3560 233 3631 qni
248 3574 310 3615 sunt
319 3562 389 3616 inter
400 3561 700 3636 flavosetcaesios‚quos
743 3582 819 3619 arem
826 3563 953 3618 deberent
960 3582 997 3617 ese
1006 3566 1090 3619 multo
1099 3566 1258 3637 magismor·

187 3638 296 3693 Plautus
321 3642 438 3714 appellat
450 3642 610 3709 ravistellus,
624 3656 674 3697 etc.
684 3668 696 3690 ι
744 3662 774 3697 so
796 3656 922 3716 appetere
932 3662 939 3697 ι
949 3655 976 3697 et
990 3644 1148 3697 cadaverum
1166 3643 1258 3697 oculos

187 3718 306 3786 Nonius,
320 3740 379 3793 cap.
391 3741 420 3787 a,
432 3742 505 3776 uum.
518 3726 575 3794 726
586 3762 594 3789 ‚
606 3742 700 3788 ravum,
744 3736 887 3796 appetunt,
903 3724 932 3776 in
954 3724 1051 3795 quibus
1071 3726 1170 3795 species
1183 3724 1258 3775 nulla

182 3800 286 3866 sulcum.
301 3802 410 3867 Cicero,
424 3800 548 3857 Academ.
569 3802 617 3856 lih.
638 3803 697 3855 IV:
745 3817 861 3876 apparet.
875 3804 907 3857 Iu
919 3822 995 3857 musa
1011 3816 1051 3858 est
1062 3803 1144 3875 igitur
1156 3803 1259 3875 potius,

191 3878 281 3942 «Quia
293 3881 700 3953 nobismetipsistumcaernleum
743 3880 819 3955 quod
839 3882 867 3936 id
891 3884 956 3956 ipsis
967 3884 1094 3957 pabulum
1113 3883 1213 3949 lautum
1229 3882 1258 3935 in

188 3968 246 4009 tum
257 3976 349 4014 ravum
363 3961 478 4016 videtur.
491 3988 503 4010 ι
521 3962 551 4015 lu
571 3962 702 4015 Tullianis
744 3962 839 4035 primis
848 3962 963 4016 videtur,
977 3964 1070 4017 Hann.

188 4036 278 4102 libris,
291 4044 483 4112 nuncstavum,
499 4061 552 4112 pro
566 4060 649 4094 rovum
662 4041 701 4093 le·
787 4042 814 4097 5.
839 4044 937 4095 Emissa
954 4044 1059 4095 baram
1075 4044 1115 4095 lta
1128 4040 1259 4094 libriom·

188 4116 347 4185 giturNide
359 4120 430 4194 apud
445 4122 571 4175 vossium
581 4122 660 4191 plura
673 4122 701 4173 iu
744 4140 809 4184 nea,
824 4132 882 4175 turn
896 4121 976 4187 editi,
998 4135 1056 4176 tum
1074 4121 1258 4190 manuscripti.

188 4196 280 4270 Etym.
291 4198 330 4252 lta
342 4218 427 4271 porro
433 4202 565 4271 scripsisse
574 4200 699 4259 Plinium,
722 4232 724 4240 =
746 4200 835 4255 llomo
846 4201 1041 4273 solus,inquit‚
1049 4222 1081 4255 ex
1093 4200 1260 4265 animalibus,
