3200 5159
512 550 671 619 Linou
703 550 770 617 xr.
1102 556 1180 649 499

165 685 255 753 Lxl.
271 684 433 753 Dentium
446 680 527 753 tris¹
545 704 665 776 genero
681 706 690 751 ε
707 681 824 751 serrati
830 680 853 767 ²,
866 694 926 750 sut
939 682 1107 771 continui,
1121 700 1180 754 sut
1199 716 1211 752 ι

110 792 241 863 exserti.
265 792 388 859 Serrati
406 789 598 884 pectinatim
612 802 783 872 coeuntes,
797 812 840 857 ne
857 790 1024 859 contrario
1038 814 1180 876 occursu

111 912 297 969 atterantur
318 922 325 965 :
346 909 383 965 ut
404 895 629 990 serpentibuS,
650 894 818 989 piscibus,
835 894 981 965 cunibus.
1001 898 1180 985 Continui,

113 1019 151 1075 ut
168 1004 310 1088 homini,
332 1027 428 1097 equo.
460 1002 611 1088 Exserti,
634 1016 672 1069 ut
690 1024 795 1095 opro,
819 1000 1083 1096 hippopotamo,
1112 1002 1180 1072 ele·

114 1111 249 1205 phanto.
262 1110 527 1192 continuorum,
544 1110 602 1203 qui
620 1092 789 1203 digerunt³
807 1107 935 1195 cibum,
955 1107 1013 1177 lati
1028 1122 1064 1178 et
1074 1111 1180 1179 acuti:

114 1217 171 1311 qui
191 1214 372 1289 conficiunt
381 1202 405 1302 ⁴,
424 1213 573 1311 duplices
591 1240 600 1281 ε
625 1215 682 1308 qui
707 1199 955 1284 disorisniuaut⁵
978 1237 1052 1302 eos,
1072 1218 1182 1285 canini

114 1320 331 1417 appellenturr
364 1323 408 1391 lli
427 1335 506 1393 sunt
526 1305 679 1391 sematis⁶
698 1319 889 1415 longissimi.
919 1321 1096 1408 Continui,
1123 1336 1183 1391 aut

115 1443 254 1523 utraque
268 1442 362 1523 parte
374 1430 441 1497 oris
456 1443 552 1513 sunt,
571 1442 610 1497 ut
622 1452 708 1522 equo
726 1452 734 1495 :
755 1441 814 1495 aut
827 1428 998 1521 superiore
1017 1429 1181 1523 primores

117 1561 184 1605 non
200 1549 294 1621 sunt,
309 1549 348 1605 ut
363 1534 490 1621 bubus,
504 1534 641 1621 ovibus,
663 1533 902 1628 omnibusque,
918 1558 991 1628 quae
1003 1536 1182 1604 ruminant.

115 1778 452 1851 pedu,eodessquorssters
466 1798 627 1849 ssors,prae·
713 1778 739 1833 ³.
763 1778 817 1849 Qui
834 1776 956 1847 deperent.
979 1778 1040 1832 Hoc
1061 1792 1115 1844 est,
1138 1781 1186 1851 qui
1304 1762 1308 1776 ι

118 1862 228 1933 terquer‘u
236 1859 364 1931 obliquum.
372 1858 520 1913 Familiaris
527 1858 628 1913 locutio
671 1856 810 1921 dividunt,
823 1869 852 1911 st
865 1855 1008 1911 incidunt:
1027 1858 1099 1913 unde
1116 1859 1185 1913 inci·

119 1938 221 1995 Plinio.
244 1957 295 2009 pro
310 1950 494 2010 praemiique,
512 1951 541 1991 ut
560 1956 628 2011 supe
672 1956 743 1990 sores
764 1935 839 1990 dicti.
868 1934 953 1989 Iidem
974 1937 1106 2008 primores
1127 1939 1186 1993 sire

120 2018 281 2072 monuimus.
299 2020 332 2069 ns
351 2018 396 2070 hic
412 2017 566 2087 gravissimo
586 2036 628 2070 er·
672 2018 815 2069 anteriores
830 2015 971 2087 sppellsti:
988 2016 1050 2070 item
1063 2022 1184 2088 pstcebcs

119 2116 180 2153 rore
194 2098 261 2169 lspsi
271 2095 387 2151 editores
401 2096 581 2151 Plinisuururss
596 2096 629 2149 li·
672 2096 814 2159 sl'ollnce,
823 2096 949 2167 quonism
960 2096 1029 2149 inter
1038 2095 1185 2151 ridendum

120 2179 232 2231 brorum
257 2194 365 2240 omnes,
382 2189 543 2247 praeterquam
564 2177 630 2230 scri·
672 2176 753 2247 primi
770 2173 915 2230 nudantur.
935 2174 999 2228 llere
1012 2176 1095 2230 Arist.
1112 2176 1147 2232 fl.

120 2271 245 2329 pserunt,
258 2256 336 2328 plone
349 2270 440 2309 contre
450 2256 564 2309 auctoris
574 2274 631 2309 seu·
715 2262 741 2319 4.
757 2254 810 2325 Qur'
822 2254 957 2325 conficiunt.
974 2256 1103 2322 Molsres,
1117 2255 1185 2311 den·

121 2338 251 2401 tentisns,
273 2336 309 2389 its
334 2347 365 2389 ut
390 2348 448 2401 est,
472 2336 629 2400 statuentis,
674 2334 741 2387 tium
754 2336 894 2406 postremi,
916 2347 972 2387 tum
988 2334 1184 2407 sllgurmnsn

122 2429 256 2471 terrestres
264 2413 526 2487 qusdrupedes,non
535 2428 632 2471 utero·
674 2415 708 2467 sb
729 2432 777 2467 usu
797 2432 896 2468 nornen
915 2412 1084 2469 babueruntt
1104 2415 1186 2471 instsr

121 2494 240 2550 codilum
255 2495 419 2567 superiorem
432 2495 564 2549 merulam
577 2513 632 2548 mo·
674 2494 746 2547 euim
768 2494 900 2547 molstum
925 2506 1068 2547 conterunt
1093 2495 1185 2549 cibum

123 2594 201 2641 vere,
217 2574 264 2629 sed
282 2590 313 2628 ut
325 2588 418 2630 cssters
435 2574 542 2639 omnis,
563 2575 632 2629 inle-
674 2572 824 2645 prouisum.
842 2574 935 2627 lisso.

123 2656 221 2709 riorenr
236 2669 359 2710 tuntum:
376 2672 487 2727 euinque
505 2666 632 2725 proteres
716 2653 742 2707 ὅ.
762 2652 813 2721 (Jur'
827 2654 996 2705 discriminant
1011 2672 1060 2705 eor.
1074 2653 1187 2708 Perver-

124 2736 153 2787 in
179 2734 319 2807 obliquum
345 2733 445 2789 ducem
470 2746 498 2787 et
526 2746 632 2787 contor-
676 2733 708 2787 tit
728 2731 906 2804 prodigstque
925 2732 1063 2804 scriptoris
1083 2746 1188 2787 senten·

124 2833 225 2886 quere,
246 2827 276 2868 ut
292 2815 322 2869 iu
343 2814 454 2879 oribus,
476 2814 633 2880 cenibnsre,
676 2808 741 2865 tirus
762 2812 1187 2884 Drslecsmpius,qnieurrsemers-

124 2892 205 2965 atque
219 2892 285 2948 sdeo
301 2895 410 2949 homine
426 2894 500 2964 ipso,
514 2891 639 2949 snimsd·.
677 2890 737 2956 dst,
758 2905 785 2945 et
805 2891 970 2962 subintelligi
992 2892 1069 2944 eibuss
1097 2906 1188 2949 monet

126 2986 230 3027 vertere
240 2974 336 3045 cuique
344 2992 462 3045 pronum
469 2985 517 3027 est.
528 2974 634 3027 Etsero
677 2984 810 3043 oportere.
831 2972 893 3025 Non
912 2970 982 3023 vidit
1000 2970 1073 3043 opud
1088 2972 1189 3027 Aristo·

127 3055 191 3125 lleg.
207 3072 236 3117 1,
250 3072 280 3120 s,
293 3054 374 3107 Puris.
387 3066 436 3108 etc.
446 3065 581 3124 preterque
591 3072 634 3105 ex·
678 3051 755 3105 telem
768 3052 836 3122 legi,
847 3050 881 3103 de
894 3050 965 3104 Part.
976 3052 1067 3105 Anius.
1078 3052 1126 3105 lib.
1137 3054 1187 3117 lv,

128 3134 245 3187 hibent:
265 3132 310 3187 sed
329 3147 357 3187 et
368 3152 436 3199 vox,
452 3133 632 3206 quadrupedes,
678 3150 735 3202 cup.
753 3150 778 3193 r,
790 3150 850 3202 psg.
868 3147 925 3199 999
940 3151 947 3181 ε
962 3122 1073 3202 ὁρίζουσι
1089 3128 1120 3185 ‹ll
1133 3134 1188 3186 bre·

126 3213 154 3265 iss
170 3211 264 3267 iisdem
278 3212 370 3267 deest:
388 3226 417 3266 ut
432 3216 549 3265 unestrs'r
566 3212 635 3265 sorte
678 3213 760 3281 riorus
772 3212 793 3263 ol
807 3206 960 3275 susidssese,
972 3212 1044 3279 pisos
1054 3214 1100 3270 τὴν
1117 3214 1185 3282 puers

125 3292 178 3363 legi
195 3305 331 3363 oporteat,
351 3291 487 3345 crocodilo
505 3292 636 3345 subintel·
679 3292 798 3362 ἐπιτίμων
816 3292 900 3355 ὄντες,
911 3302 961 3343 etc.
977 3288 1120 3345 lissu-
1138 3294 1191 3362 Qui

126 3372 195 3427 lecto
205 3389 212 3425 τ
224 3390 285 3429 usus
297 3370 332 3425 de
344 3370 466 3425 lluristili
476 3372 563 3425 solum
575 3372 637 3425 Phi·
679 3372 855 3423 discriminans.
869 3370 926 3435 Qui
947 3383 1085 3440 separant,
1101 3369 1190 3425 deter-

126 3451 252 3523 losophus
265 3451 293 3506 id
306 3448 406 3523 prodit.
420 3452 511 3505 llssu.
679 3450 794 3515 minent,
803 3448 980 3523 dividuntque
992 3448 1094 3520 priores
1105 3468 1120 3503 s
1135 3470 1191 3503 mo·

166 3532 238 3583 LXI.
248 3530 639 3586 1.Desstr'srstrs'a.Trsdiditbrec
680 3530 779 3584 laribus
793 3549 801 3581 s
813 3530 866 3583 situ
875 3530 944 3583 inter
953 3542 1079 3600 utrosque
1087 3528 1169 3583 medii
1182 3550 1189 3583 :

128 3612 207 3665 Arist.
219 3608 640 3665 lih.111deran.sn.e.1.H.-
682 3608 771 3665 osuini
783 3607 863 3673 dicti,
881 3610 1032 3663 obscurem
1049 3608 1191 3676 duritiem,

129 3690 192 3745 Vid.
202 3690 639 3754 Excurs.dsDrnts'busArsirssliurrs,
683 3702 709 3743 et
725 3708 802 3743 usum
817 3688 908 3760 :quod
922 3688 993 3743 euim
1010 3687 1140 3761 primores
1153 3688 1193 3741 di·

127 3770 164 3825 sd
178 3770 258 3825 finem
273 3772 382 3842 hujusce
402 3771 481 3835 libri,
494 3789 555 3842 pag.
574 3769 639 3824 603.
682 3768 773 3823 ridere
791 3782 941 3840 nequeunt,
960 3768 989 3823 bi
1008 3769 1191 3841 confringunt.

170 3849 640 3921 s.Serratr'.VisumsseAEtlriopem,
685 3849 803 3902 Oculum
821 3849 916 3919 vulgus
939 3850 1063 3919 appellat.
1088 3850 1192 3903 Horum

128 3930 173 3985 cui
194 3927 285 3985 dentes
306 3930 415 3995 temti,
441 3948 491 3983 cess
514 3930 639 3994 cunibus,
683 3926 786 3982 radices
797 3929 937 3982 altissime.
951 3926 1042 3983 lirun.

130 4012 234 4075 forent,
247 4010 339 4063 scribit
353 4012 383 4063 A.
396 4008 572 4076 Benedictus,
584 4010 640 4063 less·
725 4011 751 4063 6.
769 4008 808 4060 112·
820 4022 877 4061 rust
890 4012 996 4061 serrare.
1017 4008 1054 4060 Iis
1074 4006 1194 4060 sniussli·

130 4089 208 4145 dutus
222 4108 237 4143 s
253 4090 418 4154 Schesrclsio,
431 4090 478 4143 lib.
494 4090 507 4143 l
526 4090 637 4145 Obserr.
685 4088 745 4151 lsus,
756 4088 855 4160 quibus
865 4100 926 4141 sunt
941 4086 1033 4141 dentes
1043 4086 1151 4153 serrsti,
1165 4098 1197 4140 ut

131 4168 230 4225 Medio.
242 4186 301 4239 μς.
318 4186 384 4237 217.
395 4167 485 4225 lisso.
686 4168 863 4237 serpentibus,
875 4168 992 4221 cunibus.
1006 4167 1099 4220 Hsssn.

1004 4271 1070 4345 32²
