3200 5159
575 525 736 596 LIBER
764 525 831 594 IX.
1166 537 1236 610 ¹97

167 671 200 726 et
210 653 422 725 multifariam
433 655 466 723 in
486 656 593 724 Ponto
609 680 714 724 unum
731 680 837 751 genus
854 677 946 738 esse,
967 651 1057 747 quod
1073 665 1239 720 extremas

168 763 340 831 fluminum
355 785 457 855 aquas
477 775 637 847 sectetur,
654 785 880 856 cavernasque
895 760 995 829 faciat
1008 759 1070 828 sibi
1086 759 1119 827 in
1134 771 1237 843 terra,

165 883 264 962 atque
278 871 312 938 in
325 868 377 936 his
395 869 501 950 vivat,
517 869 615 936 etiem
625 866 963 964 reciprocisamnibus
975 867 1098 939 siccato
1116 862 1236 932 littore.

165 973 278 1044 Effudi
299 999 403 1068 ergo:
427 988 521 1043 motu
542 973 676 1044 demum
701 997 881 1070 corporum
900 975 1013 1042 vivere
1032 995 1090 1042 eos
1110 994 1235 1065 appro-

165 1080 256 1150 bant.
279 1083 378 1150 Circa
399 1078 592 1149 Heracleam
614 1081 783 1167 eamdem,
807 1079 990 1173 eodemque
1021 1080 1114 1172 Lyco
1137 1101 1237 1145 amne

165 1185 360 1274 decedente,
380 1188 451 1255 ovis
471 1185 612 1266 relictis,
634 1188 668 1256 in
688 1186 768 1255 limo
787 1187 938 1280 generari
965 1185 1086 1280 pisces,
1113 1184 1170 1276 qui
1192 1183 1234 1252 ad

165 1291 287 1387 pabula
301 1291 442 1388 petenda
455 1291 618 1388 palpitent
628 1295 753 1388 exiguis
768 1291 951 1374 branchiis,
970 1315 1038 1384 quo
1053 1275 1145 1360 lieri⁵
1166 1315 1235 1359 non

165 1399 294 1494 indigos
314 1400 465 1468 humoris
475 1419 483 1463 τ
495 1415 632 1494 propter
649 1400 739 1495 quod
755 1414 790 1468 et
808 1396 968 1493 anguillas
984 1396 1109 1467 diutius
1122 1397 1234 1464 vivere

164 1520 334 1599 exemptas
355 1508 457 1600 aquis.
482 1507 556 1586 Ova
578 1521 688 1576 autem
717 1509 751 1575 in
774 1508 864 1576 sicco
882 1504 1058 1590 maturari,
1078 1517 1116 1585 ut
1130 1507 1267 1572 testu-³

164 1697 229 1746 circu
238 1695 382 1747 Heracleam
391 1708 418 1747 st
426 1696 545 1748 Toroness
552 1709 578 1749 et
586 1697 678 1770 Lycum
720 1699 915 1752 sitiatissimum
937 1698 977 1750 sie
1000 1657 1075 1768 posse
1105 1695 1203 1767 corrigi
1225 1717 1233 1752 t

164 1793 256 1826 amum
269 1787 295 1826 et
305 1776 477 1842 multifarium,
491 1789 541 1832 eto.
557 1778 677 1849 Apogra·
720 1783 785 1832 cisso
799 1779 944 1830 Heracleum
961 1777 998 1828 ad
1013 1779 1103 1848 Lycum
1123 1795 1231 1840 omneis,

163 1854 239 1926 phou
252 1855 412 1908 Toletanum
421 1867 448 1916 et
463 1854 677 1924 Salmanticense,
720 1873 745 1912 et
759 1857 897 1920 Cromnuss,
906 1869 932 1909 et
943 1856 1102 1924 multifarium
1112 1855 1233 1922 issPonto,

163 1939 228 1986 cerea
239 1935 382 1987 Heracleam
395 1947 420 1987 et
428 1933 521 1991 &rom
531 1948 557 1988 et
570 1937 678 2003 multisu·
720 1957 792 1990 unum
801 1957 878 2008 gersus
885 1957 945 2005 esse,
952 1937 1019 2009 quod
1025 1939 1233 2007 estmmusflumi·

164 2018 239 2079 riam,
260 2027 310 2068 etc.
333 2016 414 2068 Recte
432 2015 480 2086 qui
501 2032 552 2086 pro
567 2015 676 2084 Semne,
719 2037 775 2070 num
793 2037 869 2090 aquus
884 2029 994 2070 mutua.
1016 2017 1086 2070 Nam
1106 2015 1231 2070 Heraclea

165 2095 295 2147 Cromnom
311 2094 512 2166 substituerunt.
533 2095 581 2148 Est
602 2097 675 2150 euim
719 2097 775 2151 base
790 2097 989 2169 Paphlagonia,
1000 2109 1031 2150 ut
1048 2095 1082 2149 ab
1091 2095 1150 2148 aliis
1161 2099 1232 2167 ejus·

164 2173 270 2227 Cromna
276 2173 407 2226 maritima
415 2173 601 2246 Paphlagonim
610 2177 675 2231 urbs
718 2175 779 2230 dem
789 2177 907 2231 nominis
916 2177 1029 2230 urbibus
1042 2175 1231 2246 distinguatur,

163 2253 193 2305 iu
204 2254 309 2319 Ponto,
326 2271 414 2325 prope
432 2255 530 2316 Tium,
550 2266 578 2307 et
591 2255 675 2310 llera·
720 2258 849 2329 appellari
877 2259 912 2310 ab
940 2256 1120 2329 scriptoribus
1146 2255 1230 2321 solet,

164 2331 674 2406 cleamadLycum,omuibusgregatim
718 2338 841 2390 Heraclea
865 2337 901 2389 ad
918 2337 1023 2408 Lycum,
1043 2354 1090 2389 seu
1108 2335 1231 2388 Hemctea

162 2413 324 2466 auctoribus·
333 2413 469 2466 Nemetin
479 2415 547 2467 urbe
556 2413 673 2486 ejusdem
718 2416 801 2470 Ponti.
824 2416 927 2470 Plinius
942 2416 1013 2470 libro
1032 2428 1119 2480 sexto,
1141 2416 1230 2486 capite

163 2491 673 2566 PaphlagoniaeTio,hujnsmodietiam
718 2497 826 2567 primo:
852 2522 863 2543 ι
882 2495 1075 2568 oppidumque
1102 2496 1230 2548 lleraolca

161 2571 673 2645 piscesgigni,htbenuustruditlibro
715 2574 1228 2647 Lycofluminiappositum-Theophr.
1318 2593 1321 2606 ·

161 2663 277 2706 octavo:
295 2665 324 2706 ut
342 2653 483 2706 verisimile
502 2654 564 2718 liat,
580 2652 671 2708 eadem
717 2655 788 2710 libro
801 2655 836 2710 de
847 2656 912 2708 Piae.
926 2682 938 2704 ι
948 2654 1158 2722 Quaedamenim
1171 2673 1227 2708 non

162 2733 265 2784 ratione
276 2749 332 2804 qua
344 2731 388 2785 Tii
402 2731 584 2803 reperiantur,
596 2751 672 2805 posse
717 2752 749 2788 ex
760 2736 920 2790 animalibus
929 2734 1101 2807 ,utanguilla
1111 2733 1229 2788 Videtur

161 2811 240 2863 etiam
253 2812 377 2865 Cromnae
386 2811 507 2881 reperiri.
518 2813 673 2868 Aristoteles
715 2830 806 2869 antem
821 2816 878 2870 buo
891 2816 1040 2869 fierisiouti
1052 2814 1138 2886 etqui
1150 2833 1227 2868 voca·

161 2888 188 2943 in
204 2889 274 2942 libro
293 2888 327 2943 de
342 2889 505 2944 Admiranda
519 2891 671 2956 auditione,
716 2896 912 2949 turcentriscus
921 2894 992 2967 apud
1002 2894 1229 2948 Heraclesmcircs

163 2971 217 3022 ·In
233 2970 318 3035 urbe,
331 2969 435 3043 iuquit,
450 2971 578 3026 Heraclea
592 2974 670 3026 Ponti
714 2975 819 3048 Lycum
841 2975 987 3030 flurium.»
1003 2976 1083 3028 Pur.
1098 3007 1134 3016 -
1154 2974 1228 3028 Circa

160 3061 188 3102 et
206 3049 236 3101 in
259 3049 362 3121 Rhegio
382 3051 456 3122 gigni
480 3051 554 3106 siunt
570 3053 671 3106 fossiles
715 3054 1028 3108 Heraeisam.Videturb.
1039 3055 1058 3107 l.
1070 3071 1159 3108 mmo
1171 3072 1227 3107 esse

159 3127 281 3200 piscem·
299 3129 347 3182 ubi
373 3127 574 3184 mendosissime
599 3145 622 3184 et
645 3135 671 3185 is
714 3132 748 3188 de
768 3133 883 3188 cobits'bm
896 3133 1024 3202 fossilibus
1039 3134 1120 3189 Line.
1136 3129 1227 3204 (vulgo

160 3208 397 3280 Rheginscriptum
407 3222 460 3274 est,
471 3229 521 3282 pro
535 3223 559 3262 et
573 3215 597 3264 in
614 3213 669 3265 Tio.
714 3211 820 3278 heles),
835 3215 922 3286 quiin
935 3216 1002 3268 limo
1012 3213 1128 3286 degunt,
1140 3225 1167 3267 et
1178 3213 1227 3268 diu

158 3287 229 3340 sane
244 3288 324 3342 rerba
335 3289 398 3354 illa,
420 3301 445 3341 et
458 3291 548 3363 Lycum
564 3311 670 3358 omnem,
713 3293 828 3359 durant,
846 3307 989 3366 postquam
1003 3311 1077 3366 aquas
1085 3309 1226 3347 recessere.

158 3385 220 3438 que
233 3367 261 3419 in
274 3369 407 3440 impressis
416 3369 553 3424 codicibus
562 3369 672 3440 baberi,
713 3373 789 3444 Saepe
803 3373 841 3425 illi
857 3375 910 3427 vivi
926 3374 1096 3446 reperiuntur
1109 3376 1136 3427 in
1154 3373 1223 3426 el'fo·

160 3445 306 3517 inscriptis
316 3446 458 3502 desiderari
472 3447 536 3513 dixi,
551 3451 670 3505 Pliniana
713 3451 813 3506 diendo
839 3455 996 3506 siccaurssm
1023 3453 1152 3523 paludum
1181 3467 1227 3508 aut

158 3543 213 3578 esse
222 3537 249 3578 et
259 3527 387 3599 legitima,
398 3528 500 3581 incuria
515 3548 578 3584 sero
588 3529 669 3584 libra·
713 3532 862 3586 rivulorum
876 3533 959 3586 alseo.
977 3533 1095 3588 Curras.

156 3604 262 3657 riorum
285 3605 396 3672 omissa,
417 3607 528 3677 planum
550 3609 667 3674 faciunt,
755 3613 781 3666 5.
795 3610 1225 3682 Quofierinoni.humom's.Qnum

158 3701 217 3755 quas
237 3685 341 3738 Plinius
360 3699 421 3756 post
440 3687 551 3755 scribit,
572 3715 583 3737 .
598 3689 669 3744 cirea
713 3692 749 3743 nb
768 3709 842 3757 rem,
858 3693 958 3764 inquit,
973 3691 1042 3746 fiunt
1063 3713 1120 3746 non
1142 3694 1226 3766 indigi

157 3761 311 3817 heracleam
347 3763 485 3832 eamdem,
519 3767 669 3840 eodemque
713 3770 863 3824 humoris:
894 3773 946 3826 hoe
971 3786 1029 3838 est,
1056 3775 1092 3826 ob
1119 3775 1226 3844 exiguas

157 3842 231 3914 Lyco
250 3861 345 3910 amne,
363 3871 374 3891 ι
397 3863 457 3918 quas
477 3859 564 3902 tamen
586 3851 668 3902 verba
711 3851 866 3913 branchias,
879 3851 994 3906 humore
1022 3872 1076 3906 nou
1107 3852 1226 3923 indigere

156 3941 211 3975 non
227 3941 276 3975 suo
288 3924 348 3977 loco
361 3925 447 3996 posita
465 3939 534 3980 sunt.
556 3929 667 3982 Collatis
712 3931 796 4000 pisces
815 3931 879 3984 illos
900 3931 1101 4004 Theophrastus
1123 3931 1224 3986 tradit:

157 4001 668 4077 igituraccuratiusbisquaAristoteles,
713 4010 789 4064 sicuti
813 4011 942 4079 anguillas
959 4013 1053 4075 etiam,
1068 4012 1226 4083 exiguarum

156 4080 374 4153 Theophrastus,
389 4085 547 4153 Athenaeus,
564 4089 669 4142 Plinius
713 4091 836 4142 similiter
847 4090 1036 4145 branchiarnm
1047 4091 1161 4155 ratione,
1174 4091 1226 4144 hu·

156 4161 285 4227 scribunt,
292 4161 399 4216 videtur
409 4165 489 4230 mihi,
498 4167 585 4220 locum
597 4170 669 4222 hunc
713 4169 796 4221 moris
808 4169 899 4232 minus
913 4169 1025 4242 indigas,
1040 4170 1141 4224 diutius
1151 4186 1228 4228 extra

1003 4264 1066 4349 13³
