3200 5159
375 489 446 581 ¹74
634 485 672 554 c.
700 481 874 552 amun
900 481 1013 552 nan.
1040 483 1170 553 nisu.

366 599 593 701 liolothuriis²3
615 613 844 712 pulmonibus,
862 601 992 686 stellis³.
1014 617 1173 712 Adeoque
1192 614 1277 686 nihil
1295 641 1364 688 non
1380 620 1442 713 gio

367 727 480 818 guitur
496 725 529 792 in
552 711 671 810 marist
690 737 728 791 ut
742 709 988 817 cauponarum⁵
999 725 1100 794 etiam
1122 723 1427 810 astronomum,

411 951 438 988 a.
450 931 608 986 Holotiariir.
619 928 697 982 Arist.
708 928 774 982 llist.
786 928 879 982 tuin.
921 941 1045 982 cautem.
1058 927 1153 983 Horat.
1174 956 1185 980 ι
1198 931 1326 1003 Interque
1343 933 1437 1004 signa,

369 1013 417 1065 tib.
438 1013 464 1072 1,
482 1027 589 1081 capr,
607 1009 676 1062 iuter
694 1027 724 1061 ea
745 1026 806 1079 qua
824 1026 880 1060 non
923 1021 1011 1079 torpe,
1024 1009 1216 1074 militaria,Sol
1229 1010 1342 1082 adspicit
1352 1030 1437 1066 cono·

372 1092 553 1144 adhaerescunt
574 1087 700 1160 quidem,
723 1085 769 1140 sed
793 1105 880 1158 neque
922 1106 1014 1159 peum.
1028 1113 1040 1135 ι
1066 1088 1219 1158 Propertius
1232 1089 1266 1144 de
1278 1091 1434 1162 Cleopatra:

373 1184 524 1232 moventur,
542 1181 626 1222 ostrea
643 1179 782 1231 numerat,
802 1166 880 1219 et‘rd
927 1193 939 1215 ι
956 1165 1089 1239 Fredaque
1103 1169 1220 1239 Tarpeio
1238 1187 1355 1242 conopea
1378 1183 1438 1222 ten·

373 1253 511 1322 καλούμενα
530 1249 660 1319 δλοοοὺρια.
676 1245 779 1300 Horum
800 1245 884 1317 gerni·
924 1245 988 1300 dere
1009 1265 1077 1326 saxo:
1099 1272 1111 1295 ι
1135 1249 1237 1302 Dauo.
1258 1281 1300 1293 -
1317 1249 1437 1322 Adeoque

373 1349 435 1382 nana
451 1329 564 1400 speciem
574 1327 682 1380 exhibet
692 1323 882 1391 llondeletins‚
924 1327 994 1380 atttt.
1016 1326 1077 1379 Hoc
1097 1326 1166 1381 illud
1187 1340 1241 1394 est,
1264 1327 1337 1400 quod
1358 1340 1437 1382 autea

374 1411 422 1462 lib.
437 1409 471 1462 de
484 1409 579 1460 Insect.
590 1426 614 1462 c.
630 1425 664 1476 ¹9
679 1417 705 1458 et
720 1425 761 1458 ao.
772 1411 862 1457 Esau.
924 1404 1008 1470 dixit,
1020 1424 1078 1477 cap.
1091 1423 1104 1458 1
1118 1425 1127 1461 a
1142 1433 1154 1454 ι
1168 1409 1239 1460 Vera
1248 1411 1333 1462 utliat
1342 1408 1437 1478 opinio

416 1488 442 1542 3.
453 1487 623 1552 Partitionibus,
633 1486 716 1538 stellis.
725 1485 805 1538 Arist.
815 1484 882 1539 lliat.
925 1487 1011 1558 vulgi,
1032 1483 1164 1559 quidquid
1175 1501 1299 1541 nascatur
1316 1489 1345 1540 in
1356 1499 1437 1558 parte

375 1569 465 1622 Anim.
479 1567 527 1620 lib.
542 1567 577 1630 V,
593 1561 652 1636 cap.
671 1571 721 1629 ¹4,
731 1583 794 1635 pag.
807 1563 884 1634 57⁵:
926 1565 1140 1630 maturanum
1152 1569 1181 1618 in
1191 1566 1257 1620 mari
1271 1583 1344 1621 erae:
1356 1592 1368 1614 ι
1383 1567 1436 1622 hoc

367 1653 387 1717 ¹i
398 1645 429 1701 di
444 1649 590 1716 κιλοίιμινος
605 1645 696 1714 ἀστὴρ,
709 1647 751 1697 καὶ
765 1646 786 1696 si
798 1645 885 1696 autoi-
926 1658 982 1709 est,
994 1646 1050 1717 ejus
1063 1645 1263 1700 similitudinem
1276 1643 1436 1718 qnamdam,

375 1749 441 1799 paros
454 1729 595 1796 πλώμονις.
608 1723 695 1777 Plinio
704 1724 751 1776 lib.
761 1723 883 1786 xxm,
926 1725 962 1777 oh
976 1741 1086 1796 eamque
1096 1743 1195 1778 nomen
1204 1743 1357 1780 commune.
1367 1725 1438 1780 Sunt

375 1800 432 1880 cap.
451 1807 503 1872 ⁵3,
516 1805 741 1874 hrlipleumones,
759 1803 812 1854 hoc
827 1813 884 1866 eat,
926 1803 1014 1865 enim,
1031 1804 1132 1874 inquit,
1149 1817 1175 1856 et
1191 1804 1220 1856 in
1234 1805 1300 1858 mari
1311 1804 1433 1876 pulices,

374 1878 885 1960 pulmoueamarini.loonemvideapud
926 1899 980 1953 quo
999 1885 1110 1935 nomine
1134 1884 1223 1937 estiva
1253 1901 1435 1954 cauponarum

375 1963 515 2020 Bondelet.
530 1963 578 2015 lib.
599 1960 633 2015 de
650 1964 745 2014 lnaeot.
761 1979 820 2032 cap.
837 1962 883 2013 ali.
925 1962 1366 2036 animaliaplerumqueaignantnr:
1376 1979 1438 2019 aunt

377 2047 516 2099 Stellarum
531 2040 628 2095 diversi
643 2039 754 2112 generis,
771 2057 831 2110 oap.
847 2055 881 2092 ιι
926 2051 954 2092 et
975 2041 1071 2094 marini
1094 2041 1226 2114 pediculi,
1247 2062 1307 2113 quc
1331 2062 1383 2098 vox
1403 2063 1437 2100 ea

377 2139 404 2178 et
418 2142 490 2196 seqq.
502 2123 592 2175 Htau.
605 2151 645 2164 ·-
660 2119 783 2174 Eadem...
800 2119 884 2172 stellis.
926 2122 1008 2192 vulgo
1026 2134 1101 2174 notat
1118 2123 1288 2186 animalcula,
1313 2141 1372 2194 quar
1392 2142 1437 2179 ea.
1545 2190 1549 2194 Α

377 2203 522 2275 Zoophytis
558 2200 654 2257 variis,
685 2199 776 2252 saltem
803 2198 884 2251 stellis
927 2200 1007 2271 pilius
1018 2202 1268 2273 oelattqnanqnam
1278 2203 1373 2256 marim
1382 2221 1436 2273 pn·

376 2283 480 2348 (asteriis
490 2270 580 2344 Lina.)
591 2290 708 2349 nepotes
717 2279 796 2330 vitam
810 2295 884 2331 oom-
926 2280 990 2333 licea
1010 2299 1041 2333 ac
1067 2279 1203 2352 pediculi,
1228 2301 1244 2335 a
1270 2283 1435 2336 terrestribus

376 2377 483 2436 petere,
497 2373 528 2415 ut
538 2359 624 2424 aiunt,
634 2357 816 2430 vegetativam.
824 2356 886 2409 ani·
926 2357 1043 2429 ejusdem
1052 2361 1170 2414 nominis
1177 2360 1339 2414 animalculis
1346 2397 1354 2425 ‚
1362 2373 1434 2425 ortu,

376 2443 455 2497 mnlia
466 2459 528 2495 vera
546 2440 604 2492 huc
616 2451 678 2491 aunt
692 2437 789 2508 quihus
800 2449 884 2490 taetus
926 2439 1026 2504 lomna,
1041 2437 1146 2504 indole,
1164 2452 1222 2494 toto
1241 2439 1356 2510 denique
1372 2459 1437 2511 pro·

377 2523 591 2586 sensatio,motua
604 2519 747 2588 αὐτόνομος,
759 2535 884 2587 compre·
926 2517 1070 2589 pemodum
1085 2539 1180 2591 genere
1193 2517 1344 2591 discrepent
1358 2539 1365 2573 ε
1378 2521 1437 2574 solo

376 2598 578 2670 liondendeque
598 2609 625 2650 et
644 2596 768 2651 vorandre
787 2595 884 2668 predo
926 2598 1092 2652 conveniunt
1115 2599 1225 2653 nomine
1243 2613 1289 2653 aut
1310 2600 1400 2652 oolore
1426 2617 1434 2652 a

375 2685 423 2736 tia.
435 2678 509 2747 Quid
519 2679 647 2731 Veterum
656 2675 843 2730 holothnrium
851 2676 885 2730 sit
927 2678 1007 2747 ditias
1026 2691 1052 2731 et
1068 2683 1158 2750 ptripae
1173 2679 1271 2750 pariter
1292 2679 1434 2752 appellati,

377 2763 505 2815 nonbene
514 2767 624 2810 norunt.
632 2756 711 2810 Arist.
724 2757 790 2810 Hist.
800 2755 848 2808 lib.
856 2757 881 2819 1,
926 2756 960 2809 ab
973 2758 1052 2811 Arist.
1065 2759 1133 2812 liiat.
1150 2759 1240 2812 Anim.
1251 2759 1299 2814 lib.
1312 2760 1364 2825 lv,
1374 2777 1435 2830 cap.

375 2841 447 2907 hoc,
462 2851 492 2892 ut
505 2849 638 2902 ostreum,
655 2837 724 2889 inter
737 2836 884 2888 animantet
930 2853 977 2901 to,
989 2854 1051 2909 pag.
1070 2838 1136 2891 5010
1150 2837 1222 2890 Vide
1234 2837 1352 2910 ejusdem
1372 2839 1435 2892 libri

376 2929 499 2974 numerat
512 2917 566 2988 qui.
580 2927 611 2969 nt
632 2933 688 2967 non
701 2913 882 2979 adherentes,
926 2933 985 2986 eap.
1010 2935 1062 2986 19,
1080 2929 1107 2970 et
1129 2935 1190 2988 cap·
1214 2921 1267 2983 26,
1288 2935 1349 2990 pag.
1370 2918 1436 2972 6³0.

376 3001 409 3054 ita
423 3018 477 3052 uon
487 2997 589 3069 pollent
603 3007 691 3050 tamen
704 2995 744 3048 sui
758 2992 884 3047 movendi
926 2994 1044 3049 Pediculi
1072 2998 1169 3050 marim
1187 2997 1305 3070 ‚effigiem
1328 2997 1436 3051 exhibet

375 3081 509 3142 facultate3
521 3089 547 3129 et
566 3074 600 3128 de
617 3075 717 3128 Partib.
730 3074 819 3132 anim.
835 3073 883 3128 lib.
927 3074 1040 3129 llondel.
1053 3077 1101 3128 lib.
1114 3077 1225 3137 xvm.
1237 3097 1261 3132 o.
1279 3079 1324 3132 aa.
1340 3078 1433 3130 ilino.

375 3160 425 3224 lv,
451 3177 508 3228 cap.
532 3155 565 3220 ⁵,
585 3151 660 3207 addit
679 3155 731 3207 hoc
749 3164 885 3208 tantuma
969 3154 994 3208 5.
1011 3156 1227 3228 Utcaupoaomm.
1242 3159 1283 3210 lta
1294 3156 1437 3210 MSS.om·

373 3237 481 3309 spongia
500 3235 681 3288 holothnrium
699 3250 729 3285 ac
753 3250 884 3305 pneumo-
926 3251 982 3288 nea.
993 3233 1108 3307 Scaliger
1116 3256 1270 3307 conopeorum
1278 3236 1437 3307 legitzquod

373 3337 435 3370 uem
460 3315 585 3380 differre,
609 3311 681 3386 quod
708 3314 812 3386 alligata
840 3313 883 3368 ait.
927 3314 980 3367 aint
995 3333 1112 3386 conopea
1126 3315 1211 3379 dicta,
1226 3316 1435 3388 quoeadversum

374 3397 507 3470 Alcyones
525 3395 654 3465 auspicor,
674 3411 763 3446 earum
783 3411 882 3464 nempe
926 3394 1436 3461 colicnmmoraus,eoaxorairaa,tendi

373 3478 520 3548 specierum
533 3492 592 3545 quaa
611 3473 736 3527 facillime
752 3491 785 3525 ex
801 3473 882 3526 alteia
925 3474 1052 3529 solebant.
1062 3473 1115 3528 Sed
1128 3475 1263 3530 Aristoteli
1272 3476 1353 3545 ψύλλοι
1361 3487 1437 3542 sunt,

372 3555 582 3618 alsemannum
590 3567 709 3607 crescunt
716 3565 742 3606 et
748 3553 881 3624 vigent-C.
925 3553 979 3606 hoc
991 3565 1042 3615 est,
1053 3556 1155 3626 pulices
1166 3575 1174 3606 a
1185 3575 1240 3609 non
1252 3557 1367 3616 κώνωπες
1372 3557 1436 3626 ‚qni

414 3644 440 3700 4.
467 3635 583 3706 Adeoque
611 3633 674 3685 nili!
694 3652 741 3684 noa
761 3636 882 3702 gignitur.
926 3633 1437 3688 culicetvocantur.llattn.—-AErtira...

372 3713 883 3787 Scolig.ianpert.Conopeorumani·
926 3715 1028 3765 masinae
1053 3715 1125 3766 celat.
1161 3713 1278 3780 Quidam
1306 3716 1435 3768 cruttacei

371 3797 447 3848 malin
457 3837 464 3858 ‚
476 3796 497 3848 oi
509 3795 640 3854 κώνωπες,
652 3792 763 3845 culices:
775 3811 834 3863 quas
843 3809 884 3844 ca·
922 3794 1014 3864 pulices
1030 3807 1056 3846 et
1071 3795 1179 3865 pediculi
1193 3798 1282 3846 marini
1293 3792 1436 3857 audirem

370 3877 450 3948 pillos
459 3873 534 3938 celat,
542 3876 562 3927 oi
572 3876 671 3942 φθεῖρες,
681 3870 807 3943 pediculi.
816 3869 882 3924 Inde
926 3891 1041 3944 quorum
1051 3891 1106 3928 non
1122 3893 1192 3927 uuna
1206 3875 1334 3946 parasitus
1352 3885 1379 3925 et
1391 3873 1435 3944 pi·

371 3949 882 4027 conopeodictaquaeadversuscnlicum
926 3953 1010 4006 scium
1047 3965 1265 4025 cetaceorumque
1297 3951 1435 4025 impendio

369 4053 472 4088 morans
489 4032 633 4088 tendebant
650 4045 739 4103 gentes
761 4030 882 4103 quadam
926 4033 1048 4085 vescitur.
1085 4033 1129 4087 Sic
1159 4035 1238 4105 vulgo
1266 4051 1435 4105 pycaogoaum

368 4115 401 4168 nb
432 4115 464 4168 iis
484 4115 626 4180 infestatae,
661 4113 807 4184 presertim
833 4129 882 4183 per
926 4110 1062 4182 quoddam
1074 4110 1174 4166 dicitnr
1184 4112 1308 4183 μδὶωἱω
1317 4113 1437 4178 balan,
