3200 5159
373 524 448 608 ΜΔ
632 517 671 586 C.
700 516 873 586 PLINII
900 517 1012 585 ΝΑΤ.
1042 513 1171 584 HIST.

372 658 420 744 ei,
441 650 621 722 testudines
647 665 759 746 raptas
788 650 941 747 frangere
963 675 981 718 e
1008 646 1139 719 sublimi
1166 647 1345 742 jaciendo:
1364 672 1440 742 quas

371 787 443 832 sors
465 758 632 830 interemit
653 771 788 852 poetam
809 755 1002 853 AEschylum
1015 741 1054 842 ¹⁶,
1073 754 1265 850 prodictam
1284 747 1387 860 fatis(
1403 771 1439 823 ut

372 854 513 959 lerunt)
540 864 610 959 ejus
640 863 705 934 diei
731 865 861 934 ruinam
889 888 1006 934 secura
1033 861 1104 932 caeli
1112 859 1135 901 ¹⁷
1169 861 1234 931 lide
1255 875 1437 931 caventem.

338 983 354 1036 ³
372 974 493 1064 Quarti
515 972 643 1067 generis
669 985 720 1040 est
742 987 983 1068 percnopterus
996 955 1164 1038 ¹⁸:eadem
1182 967 1388 1065 oripelargus
1398 967 1439 1054 ¹⁹,

371 1079 539 1150 vulturina
559 1078 683 1172 specie,
703 1076 763 1147 alis
782 1079 944 1165 minimis,
959 1075 1087 1171 reliqua
1096 1074 1121 1100 ²⁰
1140 1075 1368 1169 magnitudine
1381 1099 1437 1142 an·

371 1184 542 1273 tecellens,
560 1183 616 1253 sed
638 1183 779 1254 imbellis
794 1199 828 1254 et
845 1183 1006 1279 degener,
1017 1198 1055 1251 ut
1074 1207 1173 1278 quam
1191 1182 1346 1250 verberet
1365 1205 1438 1250 cor-

372 1318 444 1362 vus.
454 1287 732 1386 Eadem²¹jejunae
746 1316 878 1387 semper
892 1290 1074 1380 aviditatis,
1089 1304 1123 1383 et
1136 1287 1281 1384 querulae
1293 1283 1441 1356 murmu-

373 1401 519 1469 rationis.
541 1395 618 1468 Sola
641 1397 826 1492 aquilarum
845 1399 996 1468 exanima
1017 1397 1083 1465 sert
1099 1412 1266 1490 corpora:
1291 1409 1440 1476 caeterae,

372 1530 475 1601 quum
490 1504 658 1586 occidere,
678 1504 864 1575 considunt.
884 1508 965 1574 Haec
981 1504 1081 1592 facit,
1098 1518 1137 1571 ut
1156 1504 1308 1596 quintum
1337 1525 1440 1595 genus

372 1616 494 1709 γνήσιον
504 1610 528 1637 ²²
559 1625 717 1702 vocetur,
759 1609 851 1682 velut
891 1635 1038 1698 verum,
1079 1607 1252 1703 solumque
1286 1610 1440 1677 incorru-

379 1853 383 1865 ·
415 1832 458 1884 16.
482 1829 637 1900 AEsclrylum.
665 1828 804 1893 AElianus,
826 1823 888 1880 loeo
923 1829 996 1896 fulco
1007 1826 1141 1899 agitnam
1150 1828 1198 1898 qul
1208 1827 1363 1880 Aristoteles
1372 1826 1442 1878 inter

372 1910 421 1964 cit.
433 1910 524 1963 liano.
930 1908 1029 1979 aquilas
1038 1907 1172 1960 vulturam
1182 1925 1275 1976 passus
1285 1906 1442 1958 essetilstos

375 2021 379 2028 ·
417 1986 709 2058 17.Seaumattflda.
730 1987 831 2050 Quum
844 2005 888 2052 se,
929 1989 1007 2042 etiam
1017 1987 1442 2058 nilmomr,quipercuopterum

373 2069 473 2140 inquit,
480 2066 618 2121 didicisset
628 2086 644 2120 a
653 2080 713 2120 vate
725 2065 889 2132 admonitus,
930 2066 1104 2120 crediderunt
1118 2085 1298 2137 estepanum
1309 2066 1441 2118 vulturem

376 2149 417 2202 rei
431 2146 543 2217 alicujus
556 2148 633 2199 ruina
647 2165 662 2199 e
674 2146 782 2199 sublimi
794 2146 888 2198 interi·
931 2147 1032 2209 album.
1040 2145 1077 2198 ob
1089 2147 1189 2198 alarum
1203 2165 1301 2218 pennas
1309 2146 1443 2216 nigrican-

376 2239 481 2290 turum,
500 2224 630 2280 declinari
646 2226 703 2279 vim
719 2226 767 2278 lati
784 2226 889 2297 putavit
931 2240 971 2281 tes
991 2243 999 2278 ε
1023 2225 1069 2278 ille
1097 2226 1172 2277 enim-
1194 2227 1320 2278 omnibus
1345 2225 1443 2296 aquilis

375 2325 469 2378 posse,
491 2307 512 2358 si
531 2324 559 2358 sa
573 2307 602 2358 in
621 2319 744 2378 apertum
763 2323 889 2377 campum
931 2305 1021 2358 minor
1033 2316 1080 2357 est
1095 2306 1241 2375 Demsgna
1254 2305 1342 2376 aquila
1357 2306 1444 2376 capite

376 2386 568 2450 committeret,
579 2384 696 2456 teloque
709 2385 820 2439 salutem
830 2403 889 2438 ere·
931 2383 1055 2438 candenti
1066 2378 1139 2452 (sale.
1152 2386 1330 2457 kucoceplalus
1341 2382 1444 2451 Lirim),

377 2464 460 2518 deret.
481 2464 576 2517 Narrat
597 2462 626 2515 id
645 2464 777 2534 eleganter
797 2465 888 2517 Valet,
931 2483 990 2536 quas
1008 2477 1138 2534 perpetuo
1153 2464 1285 2530 clamitat,
1297 2465 1445 2536 intelligere

377 2545 447 2599 Max.
462 2544 510 2596 lib.
521 2544 576 2610 IX,
589 2560 646 2615 cap.
662 2563 714 2608 ra,
730 2562 757 2615 p.
773 2542 841 2606 455.
852 2544 887 2595 ll.
931 2544 1047 2597 mallem.
1060 2544 1179 2597 Cunna.

377 2649 381 2662 ·
420 2624 656 2694 18.Percnoptenu.
669 2623 774 2675 Nomen
785 2623 889 2675 habeta
935 2634 939 2645 ’
975 2623 1446 2694 19.0rtuetargu.ctuffl.ood.wt

378 2721 526 2774 pennarum
545 2701 635 2755 colore
652 2701 739 2773 nigro.
761 2700 889 2755 Nondum
929 2710 976 2775 per
989 2704 1065 2755 lacus.
1077 2702 1188 2756 Prorsus
1198 2703 1296 2774 inepte.
1305 2705 1374 2776 Nam
1387 2704 1445 2758 hac

378 2780 450 2855 apud
464 2794 567 2834 nostros
577 2782 604 2834 in
615 2794 712 2835 certam
720 2782 832 2853 alicujus
842 2800 891 2833 no-
933 2782 968 2838 sd
977 2783 1089 2835 verbum
1097 2782 1179 2835 habet
1188 2782 1379 2854 Philosophus,
1390 2785 1444 2838 loc.

379 2863 458 2914 minis
466 2861 656 2932 possessionem
664 2862 744 2914 venit.
756 2862 890 2914 Hsao.-
933 2863 978 2916 cit.
994 2880 1054 2934 pag.
1073 2879 1140 2931 1071
1155 2852 1218 2923 :lica
1233 2859 1260 2914 d·
1276 2866 1355 2935 {rapas
1376 2868 1445 2935 γένος

382 2945 472 3011 Quarti
480 2944 574 3012 generis
582 2953 645 2994 est...
657 2941 793 2994 considunt.
809 2942 889 2995 Arist.
933 2944 1141 3014 περκνόπτιρος...
1149 2944 1444 3015 ὁριιπιλαργὸςκαλιῐται,

380 3020 479 3074 Histor.
493 3021 607 3075 Animal.
619 3020 667 3074 lib.
684 3021 741 3084 IX,
755 3039 813 3092 cap.
832 3019 889 3074 32:
934 3022 975 3075 καὶ
995 3024 1137 3093 γυπαιιτός.
1153 3023 1313 3094 Oripelargus
1327 3043 1392 3078 vero
1407 3037 1447 3078 eat

384 3127 395 3148 ι
420 3103 551 3167 Quartum
580 3119 662 3172 genus
681 3114 889 3172 parcnopteros,
935 3101 1011 3173 quasi
1035 3112 1187 3155 montanam
1212 3103 1343 3158 ciconiam
1369 3104 1446 3157 diae·

381 3181 469 3252 capite
492 3181 637 3245 albicante,
657 3197 772 3251 corpore
792 3182 893 3251 majore
935 3183 982 3235 ris.
998 3183 1088 3235 llsan.
1291 3190 1295 3199 ’

381 3279 460 3332 quam
474 3273 582 3326 caterae,
590 3260 752 3314 brevissimis
762 3260 819 3326 alis,
827 3279 892 3314 cau-
936 3281 942 3290 ·
979 3261 1447 3333 ao.1leliqua.}locest‚sialasexe·

381 3339 415 3394 da
420 3340 653 3410 longiore‚vultnri
658 3339 895 3411 similis,gypaetos
935 3342 1032 3403 meris,
1048 3342 1153 3412 reliquo
1165 3361 1277 3414 corpore
1289 3344 1389 3395 casteria
1399 3364 1446 3396 an-

383 3432 409 3472 et
419 3420 705 3491 oripelargosvocatur.
714 3421 894 3474 Incolitlucos
936 3421 1043 3474 recellit
1055 3419 1147 3475 Haan.

381 3499 506 3571 degener,
514 3518 564 3553 nac
574 3500 645 3553 vitiis
652 3513 807 3554 ceterarum
821 3511 894 3554 caret
978 3519 1025 3554 ar.
1040 3501 1143 3554 Eodem.
1159 3501 1238 3555 Arist.
1253 3501 1319 3554 Hist.
1333 3502 1447 3556 Animal.

381 3579 895 3652 etbouorumquasillaeohtinent,expers
936 3581 983 3634 lib.
998 3581 1055 3644 tx,
1066 3599 1089 3634 c.
1105 3587 1152 3647 ta,
1162 3601 1189 3652 p.
1207 3582 1401 3652 1071.11m›.·

382 3660 895 3732 est;quippequraucorviscaeterisque
980 3679 1026 3715 aa.
1044 3661 1156 3716 latero.
1179 3661 1261 3714 Arist.
1280 3679 1340 3732 pag.
1363 3681 1446 3733 1⁰7²·

382 3739 895 3811 idgauusalitibusverberaturdugetur,
939 3740 1010 3794 Galli
1030 3741 1095 3810 algle
1113 3743 1197 3814 rosal,
1212 3742 1278 3810 aigle
1289 3743 1363 3801 dori,
1377 3743 1447 3807 hoc,

383 3820 512 3892 capiatur3
528 3819 615 3892 gravis
640 3819 712 3872 enim
736 3833 789 3884 ast,
805 3821 896 3873 exani·
939 3822 1118 3892 chrysaeton,
1149 3833 1253 3875 vocant.
1282 3821 1450 3874 Mansuetam

384 3912 453 3954 mata
464 3901 515 3952 lert
523 3917 652 3970 corpora:
664 3900 783 3953 famelica
789 3918 896 3971 semper
938 3902 1008 3954 hanc
1022 3920 1038 3952 a
1052 3918 1080 3954 se
1095 3901 1193 3966 visam,
1208 3914 1236 3954 et
1250 3898 1450 3953 adversandum

382 3993 436 4038 ast,
451 3994 477 4033 et
490 3979 724 4050 querulaulauritat
733 3992 760 4032 et
768 3980 891 4051 clangit·
939 3980 1059 4033 edoctam
1073 3981 1165 4033 scribit
1173 3980 1290 4051 Scaliger
1298 3980 1326 4033 in
1339 3981 1449 4033 Aristot.

383 4059 463 4114 Unde
477 4060 527 4112 lios
536 4061 630 4114 refello
642 4059 692 4130 qui
702 4077 765 4112 cum
778 4073 895 4112 nostrate
938 4077 999 4132 pag.
1018 4063 1083 4123 add.
1106 4061 1267 4132 Depingitur
1285 4061 1319 4116 ab
1335 4057 1450 4113 Aldrov.

385 4139 496 4194 Burro!
510 4139 623 4194 credunt
642 4136 676 4192 de
692 4159 779 4208 magna
797 4140 895 4192 orclem
939 4139 1074 4196 Ornithol.
1086 4140 1133 4196 lib.
1142 4141 1185 4206 11,
1199 4159 1257 4212 cap.
1270 4159 1301 4206 a,
1312 4157 1372 4212 pag.
1385 4157 1448 4194 rto.
