3200 5159
565 519 725 588 crana
752 521 792 586 x.
1136 520 1209 619 257

145 651 308 736 referant,
328 648 591 744 incompertum¹
614 650 724 720 adhuc
755 664 813 720 est.
836 653 866 718 E
892 649 1075 746 longinquo
1100 657 1213 724 venire

144 756 390 842 modalium,
408 755 525 825 eodem
543 780 612 849 quo
627 781 726 852 grues
743 754 864 826 modo:
884 754 957 826 illas
976 756 1132 840 hiemis²,
1150 760 1212 830 has

144 848 285 932 aestatis³
306 862 461 941 advenas.
485 861 632 932 Abiturae
662 877 910 957 congregantur
930 865 965 930 in
986 861 1061 936 loco
1086 879 1210 936 certo:

144 969 375 1063 comitataeque
396 969 466 1048 sic,
488 982 527 1037 ut
546 967 637 1038 nulla
663 971 712 1038 sui
737 970 867 1064 generis
894 967 1118 1064 relinquatur,
1145 976 1210 1042 nisi
1256 991 1262 1000 ’

144 1077 277 1171 captiva
294 1088 328 1144 et
345 1099 457 1160 serva,
478 1098 540 1143 ceu
560 1073 632 1170 lege
653 1074 811 1169 praedicta
833 1074 886 1143 die
909 1076 1078 1145 recedunt.
1100 1079 1211 1148 Nemo

143 1181 228 1250 vidit
244 1205 364 1277 agmen
386 1179 643 1267 discedentium,
661 1205 764 1275 quum
785 1180 1007 1254 discessurum
1026 1199 1209 1277 appareat:

143 1311 206 1357 nec
225 1289 352 1372 venire,
366 1285 425 1356 sed
443 1287 571 1355 venisse
588 1290 753 1356 cernimus
768 1306 776 1348 t
791 1300 971 1380 utrumque
987 1291 1158 1358 nocturnis
1171 1289 1211 1359 fit

142 1393 360 1488 temporibus.
368 1394 413 1462 Et
425 1394 577 1488 quamvis
587 1391 675 1462 ultra
686 1395 811 1462 citrave
824 1390 1016 1487 pervolent,
1028 1418 1210 1488 numquam
1227 1427 1243 1458 ι

142 1513 255 1569 tamen
268 1499 439 1568 advenisse
455 1501 683 1592 usquam‚nisi
694 1513 816 1580 noctu,
832 1499 1070 1568 existimantur.
1087 1501 1210 1594 Pytho·

143 1630 205 1676 nos
223 1591 365 1676 comen⁴
387 1605 561 1674 vocantia
581 1605 657 1674 Asia
679 1604 868 1699 patentibus
886 1606 1031 1700 campis,
1049 1605 1108 1674 ubi
1129 1632 1209 1676 con·

182 1753 285 1807 XXXI.
301 1753 653 1824 t.1ncompertum.rllhertus
695 1753 796 1806 firmari
824 1753 896 1806 enim
925 1765 1071 1826 auumque
1097 1753 1210 1824 perinde

142 1833 182 1888 hl.
194 1832 228 1888 de
241 1833 353 1887 Animal.
365 1833 412 1886 lib.
426 1833 536 1897 XXIII,
547 1849 606 1902 cap.
616 1831 651 1885 de
694 1844 791 1904 potest.
808 1833 876 1885 Nam
887 1833 991 1902 gemina
1006 1849 1117 1902 mum,
1132 1845 1164 1886 ut
1175 1833 1210 1888 de

142 1913 260 1968 ciconiis
267 1951 275 1978 ,
283 1931 343 1984 pag.
352 1915 408 1966 618
419 1929 427 1964 ε
442 1910 544 1978 «Quod
554 1925 655 1979 autem,
694 1913 752 1965 aliis
765 1911 857 1966 avihus
867 1911 971 1976 silum,
981 1913 1105 1982 migratio
1116 1925 1156 1966 est
1165 1931 1173 1965 t
1182 1927 1211 1968 et

141 1993 243 2065 inquit,
252 2011 307 2045 uon
322 2004 361 2046 est
374 2003 540 2062 compertum
556 1991 602 2044 uhi
612 1992 652 2044 le-
694 2010 778 2063 quum
794 2010 809 2043 e
820 1989 922 2061 frigidis
934 1991 1001 2044 locis
1013 1989 1166 2056 discedunt,
1181 2005 1209 2046 et

141 2086 226 2138 terat,
239 2084 293 2136 est,
307 2071 369 2143 quis
386 2089 414 2124 se
429 2067 505 2124 valde
518 2071 652 2124 occultant
694 2089 778 2142 quum
786 2090 818 2125 ex
825 2069 1050 2124 calidistillacirca
1056 2072 1209 2124 autumnale

141 2152 170 2205 in
195 2150 306 2204 desertis
327 2149 468 2222 paludum,
484 2159 511 2201 et
526 2167 651 2203 averna-
694 2150 900 2222 equinoctium,
920 2149 1015 2202 hiemis
1031 2161 1125 2203 metu:
1140 2150 1207 2214 ista.

140 2250 201 2284 rum
213 2231 295 2284 :sicat
308 2243 334 2283 et
346 2243 440 2284 cetera
454 2229 571 2282 latentia.
585 2253 597 2275 ι
615 2228 649 2281 Η.
695 2230 767 2283 circa
778 2247 907 2292 vernum,
919 2227 1046 2298 gravioris
1058 2241 1136 2282 astus
1153 2230 1205 2282 im·

181 2332 208 2364 a.
227 2309 320 2362 Eodem
334 2329 380 2382 quo
395 2327 467 2378 grues
481 2307 550 2360 modo
566 2327 576 2360 .·
595 2308 651 2360 ittae
693 2309 829 2380 patientia.
845 2309 886 2360 Er
896 2307 963 2361 locis
972 2304 1206 2377 frigidimlllume·

141 2390 239 2454 diensis,
253 2390 298 2442 kas
306 2391 398 2448 astutis
408 2389 519 2442 adnm.
532 2386 651 2440 Bcchar-
693 2388 811 2441 cterione
819 2405 924 2448 mense,
939 2387 991 2438 hoc
1001 2398 1054 2449 est,
1065 2400 1204 2453 autumno,

141 2479 202 2534 tus,
217 2467 252 2522 de
265 2468 382 2521 Animal.
399 2480 475 2539 parte
492 2467 533 2530 11,
550 2467 598 2518 lib.
616 2467 649 2531 1,
693 2466 879 2538 migrationem
912 2465 1015 2518 fecium
1045 2482 1141 2535 grues,
1174 2480 1206 2521 ut

139 2565 197 2619 esp.
213 2565 328 2620 mpsg.
341 2550 392 2618 78,
405 2543 649 2601 ostatisadvenasa
692 2545 869 2615 Philosophus
879 2542 1106 2607 docet,llist.lih.
1121 2545 1204 2611 v111,
1254 2587 1266 2614 „

140 2627 230 2682 Plinio
245 2645 324 2698 grues
338 2639 412 2697 putat
428 2624 572 2698 appellari,
584 2641 648 2696 ques
693 2644 750 2697 cap.
771 2625 822 2687 15,
839 2642 901 2695 peg-
916 2623 1203 2691 mutuaenutuae

139 2704 421 2761 hiemisesseadvenas
430 2705 595 2776 interpretati
604 2722 648 2758 su·
692 2717 718 2758 et
735 2703 871 2774 Scythicas
896 2703 1017 2770 regiones
1032 2702 1203 2775 relinquunt,

140 2805 206 2840 mus
221 2787 256 2839 Et
271 2786 318 2839 ille
337 2785 446 2857 quidem
462 2803 519 2838 eam
540 2785 576 2836 oh
590 2801 648 2838 rem
691 2802 794 2856 perque
809 2783 882 2836 hanc
894 2782 951 2835 ccli
966 2794 1079 2835 tractum
1092 2796 1200 2843 meant,

139 2879 274 2920 succensa
309 2865 447 2920 Theocriti
481 2864 647 2928 scholiastes,
691 2876 722 2917 ut
742 2867 887 2934 AEgyptum
906 2873 934 2914 et
952 2861 1064 2932 Libyam
1087 2875 1199 2934 petant:

138 2945 265 3000 scribenti
279 2945 308 2998 in
321 2944 397 3016 idyll.
413 2963 444 3009 x,
460 2941 584 2997 sementis
598 2943 648 2996 ini·
690 2961 753 2997 nsm
779 2955 811 2996 ut
830 2940 903 2994 idem
922 2940 974 3006 eit,
992 2959 1053 3012 pag.
1075 2944 1146 3011 913,
1166 2943 1200 2995 nb

138 3025 193 3090 tio,
207 3026 260 3080 hoc
269 3037 321 3090 est,
340 3037 483 3089 autumno,
499 3041 646 3095 apparere,
691 3023 790 3076 ultimis
804 3021 877 3075 orhis
886 3020 1038 3091 regionibus
1050 3020 1086 3074 ad
1095 3021 1201 3076 ultimas

138 3107 273 3177 ἀρχομένου
301 3105 349 3176 γὰρ
377 3105 467 3174 σπόρου
498 3103 523 3156 ul
551 3105 646 3174 γέρανοι
691 3103 852 3154 transvolent
865 3095 1199 3168 aThdlterdslqdr-us,

137 3183 338 3255 φαίνονται.ὃώ
348 3182 647 3254 Immerito,quttmipse
691 3185 723 3242 ue
745 3183 821 3234 sin-sir
839 3171 909 3232 ὀἷον
930 3180 956 3232 ul
973 3179 1069 3249 γίοανοι
1087 3176 1199 3234 endu·

138 3265 226 3317 faveat
238 3261 367 3318 ldesiodus
378 3265 407 3315 in
419 3262 567 3334 Operibus,
579 3277 646 3316 vers.
690 3259 870 3329 μιταθᾶλλυυοι
880 3257 927 3330 γὰρ
936 3261 1020 3312 ἐκτῶν
1034 3264 1154 3313 Σκυθικῶν
1167 3262 1201 3321 οἷς

138 3345 195 3407 448
205 3361 211 3395 :
222 3342 357 3414 Φροὶζισθαι
369 3339 395 3395 d·
405 3339 458 3412 οὔτ’
470 3342 586 3412 deposuit
603 3359 646 3412 γυ·
690 3340 724 3394 τὰ
735 3343 776 3396 tta
789 3342 823 3393 τά
832 3335 885 3391 ’ἄνω
898 3346 947 3391 τῶν
960 3339 1105 3408 Αἰγύπτου,
1119 3340 1170 3392 ὅθεν
1185 3343 1199 3393 ὁ

137 3427 211 3494 pirou
231 3425 390 3493 ἐπακούσῃς,
411 3411 501 3492 ῨψοὉον
518 3425 546 3474 la
556 3423 644 3492 sapius
691 3423 777 3481 Νυῖλος
790 3420 834 3490 psi.
848 3419 940 3471 Hsan.

137 3504 249 3557 taratara
262 3503 421 3575 κεκληγυίης,
436 3491 459 3556 ll
472 3510 497 3554 τ’
511 3501 605 3571 &porsiri
618 3520 646 3553 rs
731 3500 758 3552 3.
772 3500 828 3551 Has
840 3500 940 3550 estatis.
955 3497 1061 3569 Nempe
1073 3498 1197 3551 ciconias.

137 3585 208 3653 cipe
225 3585 306 3654 piper,
326 3583 368 3636 ael
384 3583 502 3654 χοίμοτυς
518 3581 579 3652 ὥρην
595 3587 648 3634 hu·
691 3580 869 3651 Namque,ut
877 3576 973 3648 virgil.
984 3577 1198 3650 cecinit‚Georg.

136 3661 646 3734 xsdsslpsspnpod.«Observatumquum
690 3661 738 3712 lib.
752 3660 797 3724 11,
810 3675 878 3712 vers.
895 3656 948 3727 3¹9
965 3677 972 3708 ε
988 3657 1080 3710 «Vere
1092 3658 1201 3711 rubenti

138 3759 232 3796 vocem
242 3743 314 3814 gruis
332 3739 446 3796 audieris
462 3741 513 3794 alte
529 3741 558 3792 in
570 3740 647 3793 nubi-
692 3737 813 3793 Candida
833 3737 907 3791 venit
926 3736 982 3790 avis
1004 3737 1093 3808 longis
1115 3738 1201 3790 invise

134 3822 187 3876 hus
202 3822 344 3893 quotansds
362 3821 525 3892 clangentis:
545 3839 604 3891 quo
620 3832 647 3873 et
691 3818 817 3874 colubris.
833 3843 844 3865 ι
868 3816 979 3871 ctconia
995 3817 1096 3870 scilicet
1113 3833 1120 3868 :
1141 3834 1201 3886 quas

134 3902 262 3955 arationis
273 3901 380 3972 signnm
400 3901 490 3962 sllert,
509 3911 535 3953 st
550 3899 646 3953 hiemis
690 3897 790 3952 idcirco
808 3897 933 3951 Petronio
950 3894 1059 3958 dicitur,
1079 3896 1108 3948 iu
1127 3896 1200 3948 satir.

135 3993 242 4051 tempus
252 3979 516 4035 iudicatimhrileri.·
526 3979 580 4032 Ubi
593 3980 645 4033 Bo·
690 3997 750 4050 pag.
765 3982 818 4032 206
832 3995 839 4030 ε
859 4003 872 4025 ι
882 3976 945 4030 Avis
958 3975 1032 4028 exord
1044 3974 1154 4035 hiemis,
1167 3974 1202 4026 ti·

134 4061 242 4114 ehsrtm
257 4059 348 4118 addit,
359 4065 426 4130 gruis
439 4063 584 4130 migrantis.-
599 4057 646 4112 sed
690 4059 762 4112 tulus
769 4055 855 4128 tepidi
866 4056 1003 4124 temporis.
1013 4079 1025 4100 ι
1039 4055 1129 4107 Hsnn.

135 4140 299 4210 eus-potius,
314 4158 393 4211 quam
412 4133 582 4194 adventantis?
603 4139 647 4192 Al·
733 4145 759 4201 4.
778 4137 904 4206 Pythonos
917 4151 1007 4187 conen.
1027 4134 1138 4192 nideror
1155 4133 1206 4186 nt·

192 4249 257 4317 IV.
1030 4264 1072 4337 ¹7
