3200 5159
625 489 782 556 LIBER
807 492 850 556 Χ.
1203 485 1273 566 325

209 617 358 712 quasdem
387 631 420 686 et
444 617 624 688 undecies:
651 621 683 688 in
702 607 880 715 AEgypto¹⁸
904 644 984 689 vcro
1008 620 1106 688 etiam
1129 619 1273 689 brumali

108 785 111 791 .
208 747 332 792 meuse.
355 722 555 793 Hirundiues
567 723 607 811 ¹⁹,
627 740 660 792 et
677 724 871 812 merulae,et
888 725 1056 820 palumbi,
1077 739 1112 793 et
1127 738 1273 795 turtures

207 828 256 898 bis
280 853 369 898 anno
391 832 551 923 pariunt:
572 845 697 900 caeterae
718 855 796 900 aves
824 832 893 900 fere
917 829 1056 900 semel²⁰.
1077 830 1214 898 Turdi²¹
1237 833 1272 901 in

205 935 435 1004 cacuminibus
452 935 608 1004 arborum
632 934 701 1004 luto
723 936 932 1007 nidificantes
952 962 1059 1030 paene,
1072 939 1270 1026 contextim,

203 1040 238 1107 in
255 1064 384 1109 secessu
401 1056 570 1134 generant.
589 1046 619 1108 A
640 1044 729 1111 coitu
743 1043 861 1112 diebus
879 1042 1026 1112 decem²²
1040 1065 1105 1111 ova
1125 1057 1269 1112 mature·

204 1159 301 1213 scunt
312 1147 344 1214 in
358 1161 463 1215 utero.
481 1135 650 1216 Vexatae²³
662 1163 771 1216 autem
787 1146 916 1238 gallinae
927 1162 960 1216 et
980 1146 1143 1216 columbae
1159 1172 1269 1242 penna
1288 1163 1303 1216 ⁵

203 1248 331 1338 evulsa,
347 1250 451 1320 aliave
469 1252 565 1321 simili
581 1255 721 1346 injurio,
743 1253 875 1324 diutius.
895 1253 1060 1322 Omnibus
1077 1255 1150 1322 ovis
1160 1244 1185 1289 ²⁴
1200 1279 1269 1323 me·

202 1355 259 1424 dio
268 1355 369 1426 vitelli
385 1383 488 1453 parva
505 1345 590 1427 inest
605 1359 697 1428 velut
710 1362 890 1454 sanguinea
899 1372 1010 1454 gutta,
1023 1358 1113 1458 quod
1126 1383 1197 1444 esso
1209 1385 1269 1429 cor

203 1463 314 1532 avium
331 1465 536 1548 existimant,
556 1466 702 1559 primum
717 1467 750 1534 in
767 1467 859 1535 omni
873 1489 1013 1560 corpore
1032 1465 1066 1544 id
1084 1465 1174 1559 gigni
1192 1466 1268 1560 opi-

201 1618 291 1672 soribit
311 1612 470 1693 Ᾰδριανυιαῑς
479 1660 488 1685 ,
511 1619 638 1674 mendose
657 1611 719 1694 pro⁸
797 1641 844 1676 ιι.
857 1621 942 1691 Τννέἱ.
956 1621 1059 1688 Turdi,
1076 1621 1165 1693 iuquit
1178 1622 1268 1675 Philo·

200 1689 350 1769 Ηριαναῑς,
362 1701 404 1753 vel
413 1692 583 1770 Ᾰᾶριατινιαῑς.
593 1701 659 1762 Nem
675 1704 709 1755 ab
753 1703 866 1774 sophus,
879 1700 948 1766 Hist.
961 1701 1151 1772 lib.V1,cap.
1165 1721 1190 1768 1,
1204 1719 1265 1774 pag.

200 1777 281 1830 Adria
310 1781 378 1833 urbe
409 1780 508 1842 ltalia,
536 1772 654 1850 Ᾰὸριανὸς
682 1794 709 1834 et
754 1783 826 1847 640,
841 1782 868 1845 io
882 1780 991 1833 excelsis
1004 1780 1174 1834 arboribuse
1188 1781 1264 1840 luto,

199 1848 345 1928 ilperini<
352 1847 490 1925 fortnatur,
498 1859 709 1930 Stephaooteste,
751 1860 820 1914 siout
830 1859 1002 1924 hirundines,
1013 1858 1091 1912 nidos
1102 1859 1216 1924 sscitant,
1225 1879 1264 1912 se·

198 1954 257 2007 psg.
272 1945 322 2003 24,
332 1939 378 2010 qui
392 1952 417 1992 et
428 1939 484 2009 ipse
493 1939 602 2009 gallinas
613 1938 708 1997 Adria·
751 1939 792 1991 rie
805 1937 919 2011 quadam
929 1940 998 1992 iuter
1010 1958 1038 1992 se
1051 1938 1223 2002 coherentes,
1235 1951 1264 1992 ct

198 2034 244 2068 nas
252 2015 428 2090 laudat,quae
440 2018 481 2070 bis
493 2017 537 2070 die
548 2017 667 2088 pariunt,
681 2031 708 2072 et
750 2017 786 2071 ite
803 2019 957 2072 continuato
977 2036 1076 2089 opere,
1098 2028 1128 2069 ut
1146 2018 1261 2090 speciem

196 2108 258 2149 eunt
275 2097 392 2150 minime
408 2098 478 2150 inter
490 2116 551 2150 aves
570 2116 577 2151 t
597 2099 638 2158 eal
660 2097 707 2160 rite
749 2111 847 2152 catena
857 2098 998 2170 prebeant.
1008 2095 1101 2147 Hero.

197 2172 357 2244 ἅλικτορίδις
370 2172 410 2237 illc
428 2177 517 2230 τίκτειν
532 2181 576 2238 τῆς
591 2178 684 2248 ἡμέρας
697 2214 706 2242 ,
791 2196 836 2230 aa.
850 2180 877 2230 A
894 2180 958 2228 coitu
966 2176 1048 2228 diebus
1056 2175 1142 2227 decem.
1154 2174 1213 2228 Hoc
1225 2175 1260 2230 de

196 2261 231 2326 τῷ
243 2250 272 2308 il
281 2257 376 2326 μνγίθιι
386 2256 486 2308 πάντων
496 2250 556 2309 εἶναι
564 2259 705 2333 μικροτέρας
748 2256 853 2327 gallinas
863 2256 922 2310 ovis
931 2255 1110 2325 Philosophus
1123 2253 1261 2326 prodidit,

196 2340 243 2386 τᾶν
255 2335 360 2404 ὀρνίθων.
372 2333 414 2388 Sic
424 2333 554 2388 Adrianus
563 2354 624 2406 eger
634 2335 706 2405 apud
747 2335 816 2390 Hist.
827 2336 876 2389 lib.
889 2336 947 2398 vt,
962 2354 1021 2407 cap·
1041 2333 1113 2405 3,p.
1126 2333 1192 2387 651.
1205 2335 1259 2388 Co·

92 2431 98 2442 ·
193 2411 327 2480 Plinium,
338 2415 386 2468 lib.
395 2415 456 2479 111,
467 2434 524 2486 cop.
540 2410 706 2485 18.Sedgre-
746 2411 866 2468 lumbino
883 2413 1144 2479 enim,acminornm
1155 2414 1259 2480 evium,

194 2493 262 2544 viter
274 2493 464 2547 hallucinatum
478 2494 622 2548 Albertnm
638 2512 704 2548 con·
746 2494 918 2565 paucioribus
930 2493 1112 2546 absolvuntur.
1124 2491 1216 2545 Haeo.

193 2583 258 2637 stat,
267 2573 311 2644 qui
322 2571 357 2626 de
367 2574 454 2626 Anim.
467 2574 513 2626 lib.
523 2574 578 2638 vt,
591 2586 664 2627 tract.
678 2591 704 2638 1,
787 2574 832 2627 23.
840 2574 952 2625 thoe.
961 2572 1061 2624 Lucem
1069 2571 1148 2624 affert
1156 2572 1258 2625 Aristo·

156 2693 162 2708 .
192 2669 252 2722 pag.
282 2654 354 2717 188,
370 2651 515 2706 Hadrianus
540 2652 649 2725 gallinas
668 2653 702 2705 ab
744 2652 823 2716 telos,
843 2651 876 2704 de
896 2651 1029 2704 columbis
1041 2650 1099 2704 htec
1118 2650 1253 2715 scribens,

193 2728 328 2783 Hadriano
335 2749 395 2802 rege
406 2730 459 2784 dici
469 2733 577 2802 putavit.
586 2744 612 2784 et
622 2732 703 2784 mexi—
743 2750 802 2802 pag.
821 2730 876 2784 652
892 2748 898 2784 :
917 2756 929 2777 ι
943 2730 1095 2794 Columbo,
1114 2729 1218 2800 inquit,
1233 2731 1255 2783 si

191 2826 248 2862 mas
261 2827 316 2864 esse
336 2809 440 2863 easdem
455 2809 577 2864 credidit.
597 2812 702 2882 Legisse
743 2810 871 2864 molestie
899 2809 1036 2881 quidpiam
1064 2810 1253 2875 intervenerit,

191 2889 262 2960 apud
279 2890 396 2942 Plinium
421 2890 486 2942 mibi
506 2889 621 2953 videtur,
645 2891 699 2942 Ha·
742 2891 867 2944 antcirca
880 2888 1255 2958 nidum,autpennaavulss,

190 2967 282 3020 dra'am's
298 2970 351 3020 laus
370 2973 563 3041 maximis:pro
580 2971 700 3022 Adrinais
742 2982 786 3022 ant
798 2971 874 3022 aliter
888 2981 1002 3032 vexatis,
1013 2987 1081 3039 tegre
1095 2964 1197 3038 aliquid
1209 2980 1252 3020 tu·
1335 2977 1337 2981 ’

190 3048 244 3100 laus
252 3053 366 3100 maxima.
382 3051 472 3102 Hsnn.
740 3049 834 3106 lerint,
854 3047 992 3100 continent
1007 3066 1072 3112 ova,
1089 3058 1252 3117 partumque

233 3131 277 3182 18.
288 3128 448 3199 IuAEgrpto.
459 3125 538 3180 Arist.
549 3128 617 3180 Hist.
627 3128 697 3180 libro
740 3126 880 3181 differunt.
894 3154 905 3174 ι
921 3127 970 3178 Εὰν
981 3128 1028 3198 γάρ
1040 3147 1063 3178 τι
1077 3128 1191 3195 1νοχληθῇ
1202 3126 1252 3185 ,ὑπό
1275 3136 1277 3139 '

189 3204 246 3268 Vl,
260 3225 319 3277 cup.
340 3226 365 3271 t,
376 3227 404 3278 p.
422 3208 496 3272 638,
510 3206 697 3278 iliquentoque
715 3253 719 3259 .
738 3228 817 3269 τινος,
842 3205 927 3275 isreel
944 3207 987 3264 ris
1005 3206 1173 3270 steneland
1193 3225 1263 3258 orsa

188 3287 351 3356 expressius,
368 3305 424 3358 cap.
442 3287 457 3340 5
477 3284 595 3357 ejusdem
615 3287 694 3350 libri,
737 3287 775 3358 ρὸν
789 3289 899 3354 temet,
915 3287 932 3343 ἢ
946 3286 1004 3336 buo
1017 3305 1043 3338 τι
1054 3285 1168 3354 cautim,
1183 3284 1250 3341 ἣκαὶ

187 3383 247 3436 pag.
261 3371 324 3418 661.
338 3367 428 3419 lirun.
691 3389 694 3398 ¹
737 3361 927 3435 δυσαρεστήσῃ,
945 3366 1044 3433 κατέχω
1059 3365 1140 3418 καὶού
1156 3362 1250 3428 eierat,

230 3461 272 3512 ¹9·
285 3445 443 3498 Hirundiues.
458 3447 498 3498 De
512 3444 658 3498 hirundine
668 3457 695 3498 et
736 3446 891 3516 μιλλτὶσασα.
906 3442 1001 3496 Hero.

186 3524 302 3588 merula,
315 3525 394 3578 Arist.
409 3525 474 3578 Hist.
488 3525 534 3576 lib.
549 3525 585 3587 V,
602 3543 626 3577 c.
642 3543 693 3590 tr,
778 3530 822 3587 nd.
844 3524 962 3576 Omnibus
978 3525 1036 3575 oris.
1056 3522 1165 3575 Aristot.
1179 3520 1248 3575 Hist.

185 3619 246 3675 pag.
263 3602 327 3656 552.
344 3607 383 3656 De
398 3605 530 3674 palumbis
545 3616 571 3657 et
583 3604 693 3657 turturi·
734 3604 783 3657 lib.
795 3605 849 3668 Vl,
862 3620 885 3656 c.
900 3609 969 3673 Μ).
986 3601 1057 3666 653,
1072 3614 1099 3654 et
1107 3601 1246 3664 Albertos,

185 3682 249 3748 bus,
262 3683 310 3736 lib.
324 3685 380 3745 VI,
394 3702 451 3755 capa
473 3703 498 3748 r,
511 3703 570 3755 pag.
584 3683 656 3745 638,
668 3696 694 3736 et
736 3682 770 3735 de
781 3682 871 3736 Anim.
885 3683 932 3735 tib.
945 3683 1001 3745 vl,
1015 3699 1073 3749 cap.
1088 3687 1102 3742 4
1117 3720 1124 3743 ,
1137 3700 1164 3751 p.
1181 3682 1247 3749 193.

185 3775 245 3832 post
255 3781 314 3814 eutn
330 3763 470 3826 Albertus,
482 3765 533 3816 loc.
546 3763 590 3816 cit.
602 3763 692 3816 Hono.
737 3763 841 3815 Verum
853 3762 907 3821 itte.
921 3762 950 3814 iu
961 3760 1098 3831 albugine,
1108 3761 1130 3811 1ν
1143 3765 1179 3828 τῷ
1192 3765 1248 3812 λιν-

226 3861 268 3894 ro.
290 3842 351 3892 Fare
370 3843 447 3895 semel.
458 3845 550 3897 Verno
566 3855 693 3912 tempore.
738 3850 773 3912 κῖρ
786 3861 793 3894 :
805 3843 854 3895 iste
867 3842 966 3911 pariter
979 3845 1004 3892 in
1018 3839 1074 3892 albo
1088 3841 1138 3902 ovi,
1157 3835 1244 3890 sedem

183 3920 334 3974 Aristoteles
342 3923 442 3975 Histoe.
455 3922 572 3974 Animal.
584 3923 635 3975 loc.
648 3921 693 3974 cit.
737 3921 802 3973 huic
812 3934 891 3993 gutte
906 3921 1004 3973 statuit.
1023 3915 1101 3971 Prius
1119 3916 1246 3970 nimirum

184 4017 242 4070 pag.
260 4001 333 4068 639,
360 4015 386 4055 et
412 4003 551 4068 tilbertus,
575 4000 623 4055 lib.
637 4002 695 4068 Vl,
739 4001 768 4052 in
781 3997 872 4053 vitello
887 4000 1045 4070 fuit,quam
1063 3998 1091 4050 in
1110 3996 1247 4049 albumine

183 4095 243 4149 pag.
259 4081 321 4134 188.
337 4079 428 4135 thn.
738 4077 1004 4150 deprehenderetur,
1034 4088 1065 4130 ut
1098 4075 1250 4144 Volcberus

1046 4143 1114 4227 21³
