3200 5159
491 544 500 561 ·
603 545 752 612 trouu
782 547 850 612 xi.
1182 542 1257 640 379

124 683 127 688 ’
192 700 260 746 non
278 675 411 744 trahere
429 675 574 749 animam
589 673 682 761 talia,
702 688 738 744 et
754 676 889 760 vivere,
913 697 1013 768 quam
1040 675 1165 768 spirare
1189 677 1258 745 sine

192 781 396 852 visceribus:
412 780 618 876 quodetiam
635 781 671 848 in
686 781 822 850 marinis
839 780 1028 864 docuimus,
1040 781 1192 874 quamvis
1205 805 1257 850 ar·

191 901 287 958 oente
314 885 494 982 spiratum⁹
513 886 676 958 densitate
702 901 737 956 et
765 884 939 956 altitudine
963 886 1125 956 humoris.
1137 885 1294 956 Volutet

192 993 325 1087 quidem
345 991 471 1088 aliqua,
489 1007 523 1062 et
536 991 717 1062 animatu¹⁰
729 1016 843 1062 carere
863 995 898 1062 in
921 995 993 1088 ipso
1014 993 1131 1087 spiritu
1144 993 1258 1062 viven-

192 1102 258 1187 tia,
284 1099 408 1170 habere
429 1123 563 1171 sensum
582 1101 717 1185 uictus,
737 1100 988 1195 generationis,
1009 1099 1137 1194 operis,
1159 1113 1258 1193 atque

192 1207 293 1278 etiam
312 1205 485 1278 defuturo
502 1229 618 1276 curam
637 1229 647 1272 ε
669 1220 703 1276 et
729 1207 880 1300 quamvis
902 1231 972 1274 non
1001 1205 1066 1276 sint
1089 1205 1261 1288 membra,

191 1337 266 1406 quie
277 1310 373 1382 uelut
385 1314 498 1383 carina
514 1336 631 1382 sensus
646 1312 826 1396 invehant,
844 1336 914 1382 esse
934 1317 1046 1380 t'amen
1064 1311 1116 1380 his
1127 1309 1150 1336 ¹¹
1165 1311 1261 1382 audi·

193 1433 285 1506 turn,
300 1417 475 1506 olfactum,
489 1431 678 1514 gustatum,
690 1419 810 1488 eximia
825 1433 985 1513 praeterea
1000 1417 1137 1486 Naturae
1152 1417 1257 1500 dona,
1330 1451 1333 1458 ·

192 1523 379 1612 solertiam,
394 1527 560 1611 animum,
573 1539 697 1612 artem,
709 1525 786 1618 ⁷quis
802 1524 898 1595 facile
912 1522 1107 1594 crediderit?
1120 1525 1257 1618 Sangui·

192 1655 270 1702 uem
289 1655 359 1703 non
379 1656 451 1702 esse
470 1631 523 1701 his
544 1632 672 1712 fateor,
699 1633 785 1702 sicut
810 1655 853 1700 ne
885 1631 1097 1700 terrestribus
1124 1628 1256 1724 quidem

192 1738 338 1825 cunctis,
356 1761 475 1807 verum
493 1736 597 1808 simile
612 1737 779 1832 quiddam.
802 1739 852 1806 Ut
869 1734 1000 1832 sepiae¹¹
1024 1739 1060 1806 in
1081 1739 1164 1805 mari
1183 1761 1254 1805 san·
1275 1752 1292 1810 t

192 1844 300 1949 guinis
316 1845 424 1912 vicem
432 1829 456 1868 ¹³
475 1857 697 1913 atramentum
711 1844 854 1926 obtinet,
868 1830 1124 1938 purpurarom¹⁴
1145 1843 1258 1936 generi

191 2076 266 2150 quod
282 2077 404 2149 spiritum
417 2089 557 2148 aeremque
576 2095 632 2128 non
647 2090 702 2130 tsn-
744 2076 918 2146 respiratione
932 2073 1058 2143 disit‚de
1071 2075 1164 2128 Notus.
1177 2076 1256 2129 Deor.

191 2154 702 2228 lsst‚virere:quamspirsreeliquid,
744 2156 792 2209 lib.
802 2156 840 2208 11.
851 2155 942 2208 thn.

192 2235 268 2306 qnod
285 2236 430 2292 visceribus
447 2236 490 2289 his
514 2247 610 2290 urent.
632 2236 701 2290 Nem
788 2253 829 2288 ιο.
843 2236 881 2286 Et
889 2235 1005 2286 mutatu.
1015 2234 1082 2299 Quis
1100 2231 1191 2286 credat
1208 2235 1260 2306 spi·

191 2316 249 2369 sine
257 2316 424 2370 internorum
437 2316 566 2370 visoernm
575 2315 703 2388 pulmone
746 2314 823 2368 rendi
836 2315 958 2374 facultate
966 2331 1055 2367 carere
1063 2331 1093 2366 ea
1104 2309 1259 2384 queinmess

190 2395 400 2466 spiraremnrina
408 2394 618 2450 docui-melio.
628 2415 702 2449 nem-
746 2393 793 2448 dio
805 2395 912 2465 spiritu,
925 2394 1039 2458 honest,
1054 2393 1082 2444 in
1095 2392 1185 2446 medio
1198 2411 1259 2448 nere

191 2492 228 2544 pe
242 2475 298 2538 XI,
311 2493 369 2548 osp
385 2479 418 2540 6,
433 2475 581 2546 -quontam
600 2489 628 2530 et
646 2478 705 2547 pnl-
746 2473 860 2528 vivunt?
874 2475 970 2546 quibus
982 2473 1051 2527 inest
1062 2471 1179 2534 auditus,
1192 2474 1260 2526 olla·

192 2572 304 2614 monum
319 2555 376 2610 viee
387 2556 571 2628 aliispossnnt
587 2556 703 2626 elisspi-
747 2567 825 2619 ctus,
842 2566 976 2625 gustatus,
996 2571 1147 2624 quenquam
1175 2553 1208 2605 iis
1228 2571 1259 2606 ea
1298 2624 1301 2630 Ι

191 2633 285 2687 rabil'n
309 2634 395 2688 inesse
416 2635 530 2697 viscera,
547 2637 584 2689 ita
598 2635 704 2690 volente
747 2634 866 2688 membra
881 2631 992 2698 desunt,
1006 2632 1102 2704 quihus
1114 2633 1141 2685 iu
1159 2634 1259 2686 ceteris

190 2725 305 2772 nature:
323 2714 392 2768 sicut
410 2728 437 2768 et
455 2734 507 2786 pro
520 2714 647 2787 sangnine
665 2729 704 2769 est
746 2713 932 2778 animantibus,
939 2731 989 2766 ceu
997 2713 1085 2766 mim
1095 2712 1195 2782 ulique,
1205 2731 1262 2765 sen·

191 2791 557 2860 multitaliushnmor,etc.·
570 2796 702 2851 Hum-
746 2792 982 2856 ensinrehuntus?
996 2793 1085 2845 Hono.
1152 2811 1157 2821 ·

191 2871 382 2926 Naeeoidmnr
393 2877 471 2944 mgis
482 2878 574 2946 possint
587 2893 636 2927 non
651 2887 700 2926 tm·
790 2891 834 2928 tt.
855 2873 918 2924 Esse
940 2884 1019 2924 tannen
1038 2872 1083 2924 tis.
1097 2870 1178 2924 Arist.
1192 2870 1258 2923 Hist.

191 2951 246 3003 less
264 2955 369 3005 asiam
385 2954 446 3005 talin
458 2993 466 3018 ,
479 2967 505 3005 et
522 2960 617 3018 eim,
631 2974 702 3026 qnam
746 2954 837 3006 Anius.
850 2953 899 3004 lib.
908 2952 957 3016 tv,
968 2969 1026 3023 cap.
1038 2953 1139 3022 ὧρας.
1150 2950 1258 3013 48341.

190 3036 281 3100 sptmn
301 3035 353 3084 sim
366 3033 512 3094 vuerthe,
533 3047 585 3086 eto.
600 3035 702 3086 locum
790 3049 833 3085 u.
851 3029 973 3101 Παφίη.
985 3029 1056 3084 Vide
1064 3047 1123 3101 que
1136 3029 1258 3091 diximus,

190 3110 702 3184 humdreprnposteraemffldatione,
746 3113 793 3164 lib.
808 3113 861 3174 tx,
871 3129 930 3182 cap.
951 3108 1045 3176 46,ι1ο
1057 3109 1129 3180 sepia
1139 3109 1189 3163 :de
1197 3127 1261 3180 pur·

190 3189 247 3244 sive
259 3209 382 3261 perversa
393 3193 613 3263 interpretatione
624 3194 702 3246 Dele-
746 3209 814 3264 pore
824 3189 920 3244 eodem
934 3190 1009 3255 loco,
1029 3207 1088 3260 cap.
1111 3193 1155 3242 60.
1167 3191 1258 3242 Henn.

190 3269 641 3343 mptusdepmsvn‚inmugtne
648 3271 703 3324 edi·
790 3272 840 3324 13.
856 3270 989 3340 Sanguinis
1007 3273 1092 3321 cicens.
1109 3269 1185 3322 MSS.
1201 3287 1261 3321 om·
1321 3303 1331 3318 ,

190 3347 554 3415 dampnosissimum,
574 3353 651 3404 «Neo
661 3353 699 3404 ri·
745 3353 1018 3418 numunianum
1029 3348 1260 3402 Helm-Nehoe

189 3427 463 3502 deocnrmagisnon
483 3428 702 3502 possinttrnltere
745 3426 1262 3501 magninemputemedhurnoremex·
1305 3435 1308 3440 '

189 3509 304 3574 animaru
318 3511 394 3574 talia,
407 3523 434 3564 et
445 3511 559 3582 spirare,
572 3527 652 3582 quam
665 3512 703 3564 ri-
746 3509 957 3563 crementitium:
966 3527 1115 3580 quanquam
1122 3507 1261 3561 huicmol·

189 3603 261 3642 voss.
276 3614 288 3636 ι
315 3589 373 3642 Nec
392 3591 481 3644 minus
500 3602 600 3643 temere
622 3592 702 3660 paulo
747 3590 821 3642 lusco
831 3589 936 3660 sanguis
946 3588 1013 3641 inest
1021 3584 1170 3660 pellucidus
1179 3599 1261 3642 etco-

189 3681 263 3739 post,
287 3667 396 3740 adjectis
419 3671 528 3723 vocibus
551 3671 704 3735 nonnullis,
747 3669 973 3740 rulesoens,ntque
981 3669 1052 3722 illius
1061 3668 1198 3740 apparatui
1207 3667 1259 3720 eir·

189 3747 340 3801 Plinianum
362 3760 518 3803 contentum
540 3751 704 3821 interpolat,
748 3749 876 3818 colatorio
886 3749 954 3802 nihil
963 3747 1134 3802 deessesolet.
1142 3749 1260 3801 Currus.

192 3826 245 3886 dtr
255 3828 376 3900 quamvis
386 3849 439 3882 non
450 3830 504 3882 sint
516 3829 702 3894 memhrafle·
790 3835 833 3892 ¹4·
858 3829 1031 3899 Pnrpurnrum.
1040 3867 1063 3880 ..
1080 3847 1172 3879 susem.
1192 3826 1260 3878 Pur·

189 3903 365 3970 lutmnrinis,
381 3926 441 3980 qun
455 3921 649 3972 sensns,ete.·
666 3909 701 3962 Η.
746 3927 814 3980 purn
837 3909 945 3961 muricis
968 3920 1182 3968 excrementum,
1204 3923 1259 3958 non

232 4006 259 4055 ⁹·
281 3987 411 4058 Spsintum.
430 3990 474 4045 sic
496 3989 571 4042 MSS.
594 4007 701 4054 omnes,
746 3989 866 4059 sanguis,
881 3989 927 4059 qui
941 3987 1007 4041 huic
1021 3987 1260 4054 mollusoorurnge·

189 4085 245 4118 non
256 4071 373 4136 spiritum.
384 4067 428 4122 Sic
439 4069 544 4122 Tullius
553 4073 702 4138 respiratum,
745 4069 804 4121 neri
814 4081 901 4121 tamen
911 4087 967 4121 nou
974 4067 1061 4131 deest,
1071 4080 1193 4118 ceterum
1203 4065 1261 4136 pel·

189 4142 265 4222 ¹quod
281 4146 353 4200 idern
367 4162 480 4220 est,pro
490 4149 646 4220 spiratione,
656 4169 702 4203 seu
746 4145 851 4202 lucidus
866 4160 892 4200 et
901 4149 1007 4204 vitreus·
1022 4147 1140 4200 Curres.
