3200 5159
618 480 770 558 cisen
795 482 838 548 x.
1197 477 1265 580 367

244 621 369 690 XCVI.
388 620 517 687 Rursus
537 618 635 686 amici
651 613 816 711 pavoncs¹
844 628 878 683 et
895 614 1086 684 columbe·
1101 630 1268 705 turtures,
1290 645 1300 678 1

192 741 226 796 ct
239 727 394 821 psittaci.
412 722 562 810 merulae,
571 737 605 791 et
618 719 800 791 turtures²c
819 722 935 790 cornix
941 706 999 794 ἐἰ
1014 721 1173 810 ardeolae,
1186 749 1267 794 con·

191 848 244 901 tra
253 831 402 926 vulpium
415 855 518 925 genus
530 828 785 898 communibus
777 828 963 897 inimicitiis.
973 831 1086 923 Harpe
1099 844 1133 899 et
1144 829 1267 900 milvus

192 954 309 1009 contra
323 937 514 1008 triorchem.
530 933 639 1026 Quid,
658 949 691 1003 et
704 960 772 1003 non
786 934 927 1004 affectus
939 934 1059 1004 indicia
1072 950 1150 1004 sunt
1165 939 1264 1006 etium

191 1047 226 1112 in
244 1043 477 1181 serpentibus,
509 1042 728 1112 immitissimo
761 1039 954 1110 animalium
990 1040 1143 1136 genere?
1170 1045 1269 1112 Dicta

192 1137 290 1220 sunt⁴
304 1176 376 1245 quae
395 1148 537 1220 Arcadia
555 1161 669 1216 narrat
686 1146 727 1216 de
748 1146 885 1216 domiuo
904 1171 924 1216 a
948 1147 1092 1216 dracone
1117 1164 1267 1237 servato,

190 1272 224 1327 et
238 1258 370 1386 agnito
369 1281 452 1326 voce
474 1238 631 1326 dracoui⁵
634 1256 705 1322 ‚De
728 1253 842 1349 aspide
860 1252 1057 1326 miraculum
1075 1253 1267 1350 Phylarcho

192 1347 397 1432 reddatur⁶1
420 1363 448 1430 is
470 1363 558 1431 enim
580 1373 784 1445 auctorest,
807 1384 909 1453 quum
930 1359 1267 1455 admensnmcujus·

190 1468 269 1538 dam
284 1470 420 1538 veniens
435 1469 469 1538 in
482 1469 626 1561 AEgypto
640 1412 785 1534 aleretui
800 1465 949 1551 assidue,
967 1467 1096 1534 enixam
1119 1466 1265 1554 catulos,

191 1600 334 1669 quorum
354 1574 396 1644 ab
418 1599 486 1644 uno
505 1571 609 1642 filium
637 1571 777 1666 hospitis
797 1573 1034 1663 interemptum
1059 1598 1066 1640 :
1091 1571 1179 1642 illum
1208 1597 1264 1642 re-

190 1707 322 1752 versam
354 1681 398 1750 ad
428 1678 701 1751 consuetudinem
730 1677 817 1764 cibi,
838 1676 1034 1748 intellexisse
1064 1677 1212 1773 culpam,
1232 1693 1267 1749 et

191 1814 307 1858 necem
322 1785 469 1855 intulisse
481 1785 590 1854 catulo
611 1805 618 1846 ε
638 1807 699 1852 nec
713 1798 828 1879 postea
848 1785 880 1851 in
894 1798 1019 1852 tectum
1033 1784 1066 1852 id
1083 1809 1263 1860 reversam.

244 1895 387 1974 xcvil.
410 1881 550 1986 (cxxv.)
573 1891 690 1960 Somni
706 1891 843 1984 quaestio
866 1913 934 1959 non
955 1890 1132 1962 obscurum
1151 1893 1263 1986 conje·
1285 1921 1297 1958 ι

229 2120 331 2174 XCVI.
365 2136 390 2170 1.
419 2118 502 2170 Amici
527 2135 639 2188 pronos.
668 2114 702 2169 Id
747 2133 807 2187 pag.
832 2117 918 2180 1008,
940 2115 983 2169 sul
1006 2119 1139 2188 κόττυφος,
1161 2119 1265 2190 inquit,

190 2219 296 2274 quoque
313 2198 422 2270 Sappho
442 2196 514 2269 apud
536 2194 617 2250 Orid.
636 2195 700 2249 Her.
747 2196 791 2249 ssi
803 2193 906 2266 τρυγών.
923 2195 1014 2249 Hinc.

189 2282 268 2352 epist.
287 2298 334 2344 si,
346 2298 385 2331 vs.
399 2279 434 2346 37
450 2295 457 2330 :
475 2303 487 2326 ι
501 2277 535 2330 Et
544 2276 622 2330 variis
634 2276 703 2329 albe
787 2276 816 2330 3.
834 2275 926 2330 Cornix
946 2289 971 2328 st
991 2276 1107 2330 ardeole.
1124 2278 1261 2332 Aristotel.

188 2363 335 2432 junguntur
348 2357 567 2429 sapecolumbss,
581 2356 616 2409 Et
629 2357 703 2425 niger
745 2374 772 2426 p.
790 2355 1028 2421 10083AElisnus,
1049 2357 1151 2410 Histor.
1168 2357 1262 2412 Anius.
1376 2379 1379 2392 ·

189 2439 294 2494 uiridi
304 2450 500 2493 turturemstur
510 2435 700 2490 svenVeriem
744 2434 793 2488 lib.
808 2435 846 2500 V,
860 2451 918 2503 cup.
937 2436 984 2498 48.
999 2435 1091 2491 lisso.

188 2537 401 2590 avemparonem
413 2515 702 2588 appelluupsittscum,
786 2519 813 2577 4.
830 2514 984 2570 Dictaeum.
1003 2515 1087 2568 Libro
1103 2516 1187 2582 VIII,
1202 2535 1262 2589 csp.

190 2599 360 2653 viridemDe
372 2597 485 2650 turturis
492 2609 518 2648 et
527 2594 630 2667 psittaci
639 2610 703 2648 con·
747 2614 792 2648 ss.
809 2595 899 2646 Hssu.

188 2678 281 2732 cordia
292 2695 383 2732 rursus
395 2673 466 2729 idem
481 2673 702 2745 Ovidius,elegis
785 2672 809 2726 5.
824 2671 919 2742 Agnito
942 2691 1001 2726 vocs
1016 2673 1126 2726 draconi.
1149 2675 1190 2726 Ex
1207 2674 1263 2730 lide
1373 2667 1378 2672 ⁸

190 2763 217 2821 6,
237 2759 265 2811 in
283 2770 396 2811 mortem
412 2754 539 2827 psittaci:
563 2781 574 2804 ι
590 2753 699 2812 Omnes,
742 2751 886 2822 usssteg.
899 2770 923 2815 1,
936 2753 1262 2816 s,Colbert.1‚s,Psris.

189 2856 247 2910 que
257 2836 361 2911 liquido
370 2835 471 2890 libretis
483 2836 512 2888 in
524 2853 585 2890 sere
597 2852 701 2897 cursus,
743 2831 834 2886 chiffl.
849 2833 937 2885 locuni
952 2835 1025 2886 hunc
1039 2831 1203 2886 restituimus
1215 2853 1222 2888 ε
1234 2835 1262 2890 iu

188 2920 231 2971 Tu
242 2932 328 2971 tamen
341 2930 402 2970 ente
413 2915 489 2980 alias,
499 2926 588 2968 turtur
601 2911 700 2977 amics,
741 2912 784 2964 his
799 2911 872 2964 enim
885 2911 991 2982 legitur,
1009 2915 1095 2981 agnito
1108 2931 1167 2966 vocs
1176 2913 1263 2966 daco·

188 2997 258 3052 dole.
270 2997 351 3050 Plena
360 2996 412 3049 suit
421 2994 580 3049 vobisomni
588 3011 699 3047 concor·
745 2995 803 3053 niu
825 2989 898 3062 quod
912 3008 995 3061 quum
1008 2989 1091 3063 primi
1105 2991 1188 3046 Plinii
1200 2992 1261 3047 edi·

187 3076 232 3129 dis
247 3077 306 3133 ritu.
319 3089 370 3128 etc.
385 3100 397 3123 ι
412 3074 502 3128 Iliso.
745 3069 896 3124 toreslieud
906 3069 968 3124 setis
977 3070 1261 3143 intelligerent,agnlta

128 3178 138 3198 ν
231 3177 257 3210 s.
284 3155 389 3208 isernia
408 3167 433 3206 et
453 3166 512 3206 uere.
531 3151 610 3222 Arist
631 3149 698 3204 Hist.
743 3169 804 3202 voce
813 3151 914 3202 hominis
924 3150 1124 3222 rescripserunt.
1134 3154 1261 3206 Errorem

188 3237 302 3289 Animal.
311 3235 358 3289 lib.
374 3236 496 3306 1x‚0·p.
517 3249 542 3296 1,
552 3232 589 3285 sic
601 3231 697 3285 lubet:
743 3228 841 3300 detegit
860 3229 962 3284 Plinius
978 3230 1035 3301 ipse
1049 3249 1082 3282 eo
1094 3230 1169 3297 loco,
1180 3251 1262 3304 quem

186 3319 249 3384 putot
259 3317 378 3384 κόττυφος
394 3314 437 3367 ssi
455 3312 558 3384 τρυγών.
575 3309 656 3364 Unde
671 3322 698 3363 et
741 3329 814 3364 nunc
827 3310 949 3381 respicit,
965 3309 1013 3362 lib.
1031 3310 1116 3374 VIII,
1130 3329 1188 3384 csp.
1206 3333 1262 3378 ss,

187 3396 232 3448 liic
257 3393 398 3466 legendum
423 3391 530 3446 ridetur
555 3391 651 3444 meruloe
674 3401 699 3442 et
742 3389 789 3444 ubi
816 3387 964 3442 draconem
989 3391 1025 3443 sit
1057 3387 1169 3443 domino
1201 3411 1261 3454 suo,

188 3488 300 3528 eurtum.
314 3473 392 3527 Adde
409 3491 440 3525 ex
460 3471 583 3544 Oppisno
597 3471 626 3524 in
642 3470 696 3524 lis·
742 3469 946 3522 ·circumsento
976 3469 1113 3522 latronum
1130 3471 1260 3535 insidiis,

186 3555 368 3609 lieuticisnon
381 3553 466 3606 solum
479 3551 629 3604 meruisset
640 3563 697 3604 tur
740 3548 832 3646 agnito
849 3567 930 3612 voce,
956 3549 1143 3603 subvenisse.
1161 3551 1262 3606 Sensus

187 3648 259 3688 tures
275 3653 335 3687 sves
355 3645 452 3686 mutuo
472 3651 499 3684 se
518 3649 624 3696 smsre,
651 3627 697 3684 sed
743 3634 784 3682 τοῦ
810 3633 895 3699 agnito
921 3647 980 3680 uoce
1006 3630 1125 3692 draconi,
1150 3643 1205 3696 est,
1226 3630 1261 3685 de

186 3715 265 3768 etism
294 3714 381 3786 pisces
409 3711 503 3766 iisdem
534 3670 696 3764 nomiiiibus.
741 3707 855 3762 domino
870 3727 935 3762 voce
950 3710 1039 3780 agnito
1059 3705 1210 3764 edrecone
1224 3712 1259 3764 II.

187 3796 344 3848 Desec-
365 3792 468 3845 Meruloe
485 3804 510 3843 et
530 3803 643 3845 turtures.
664 3791 697 3842 In
782 3793 810 3842 6.
822 3790 860 3842 De
873 3787 955 3858 aspide
966 3789 1108 3842 miraculum
1121 3789 1264 3860 Pigrius-clio

185 3875 261 3926 libris
272 3873 361 3938 editis
375 3873 471 3925 merula
483 3883 507 3923 et
521 3871 592 3924 sardi.
595 3872 698 3924 Verum
741 3868 866 3922 reddatur.
890 3868 975 3924 Penes
992 3880 1132 3922 auctorem
1149 3869 1260 3938 Phylar-

186 3955 268 4007 Psris.
288 3973 313 4019 s,
323 3966 351 4006 et
364 3952 456 4007 chiffl.
467 3953 607 4004 merulsset
619 3962 696 4002 turtu-
741 3948 866 4013 elium,
859 3949 960 4021 inquit,
981 3949 1015 4004 sit
1036 3948 1117 4016 huius
1139 3949 1260 4004 miraculi

185 4054 245 4087 res:
266 4047 293 4088 et
316 4032 390 4104 quod
411 4034 497 4086 multo
520 4045 558 4084 est
581 4030 696 4093 certius.
739 4028 815 4084 fides.
823 4029 996 4096 Formulpest
1007 4025 1200 4091 vixeredeutis,
1212 4042 1260 4082 sut

184 4116 294 4186 ipsemet
304 4116 383 4168 Arist.
399 4114 458 4167 loco
473 4112 596 4184 proxime
606 4110 694 4168 citato.
740 4121 811 4163 certe
824 4106 919 4161 vadem
930 4127 957 4160 se
964 4107 1076 4164 minime
1085 4107 1259 4177 preferentis.
