3200 5159
580 505 741 577 muna
774 506 817 575 x.
1153 534 1227 607 ,οφ

213 638 261 706 ΙΙ.
285 625 370 729 (ιι.)
401 635 572 730 AEthiopes
599 651 698 731 atque
724 635 815 725 Indi,
836 631 1016 708 discolores
1038 642 1180 710 maxime
1197 659 1231 713 et
1254 667 1263 701 ι

160 741 396 814 inenarrabiles
414 741 525 811 ferunt
539 767 638 831 aves,
654 759 687 814 et
708 760 785 814 ante
806 769 922 816 ornnes
940 745 1086 817 nobilem
1106 749 1230 819 Arabia
1249 763 1255 774 ‘

160 851 367 945 phaenicem,
386 847 476 918 haud
500 849 567 917 scio
586 873 628 918 an
652 849 841 937 fabulose¹,
862 876 966 922 unum
984 853 1018 922 in
1040 867 1111 922 toto
1129 855 1229 943 orbe,

160 982 223 1026 nec
234 959 342 1028 visum
355 979 569 1049 magnopere.
583 953 727 1049 Aquilae²
741 971 895 1027 narratur
908 959 1145 1053 magnitudine,
1156 963 1229 1030 auri

161 1063 290 1158 fulgore
314 1064 403 1132 circa
423 1046 549 1148 colla³,
565 1076 686 1132 caetero
710 1086 918 1157 purpureus,
937 1063 1111 1136 caeruleam
1124 1069 1229 1137 roseis
1257 1143 1260 1157 ‚

160 1169 300 1238 caudam
323 1169 440 1265 pennis
457 1167 752 1260 distinguentibus,
770 1170 878 1240 cristis
896 1158 1024 1242 fauces⁴
1038 1225 1048 1257 ‚
1062 1187 1229 1269 caputque

160 1275 294 1371 plumeo
323 1276 417 1370 apice
448 1274 656 1346 honestante.
684 1276 816 1346 Primus
842 1290 943 1370 atque
962 1275 1230 1374 diligentissimus

159 1507 225 1572 snit,
239 1467 280 1561 ini
291 1525 323 1560 ex
334 1505 521 1577 Theophrasto
528 1505 670 1577 colligitur,
715 1506 953 1571 conveherentur
968 1509 1159 1579 mannum
1174 1512 1229 1566 avia

160 1587 228 1640 Hist.
247 1587 331 1642 Plant.
353 1586 401 1640 lib.
417 1587 469 1654 1v,
489 1603 548 1656 cap.
571 1585 603 1648 5,
622 1592 670 1640 τῶν
716 1604 769 1640 anae
784 1586 981 1658 pulchritudini
999 1607 1098 1640 nomen
1112 1591 1228 1648 circam·

159 1673 262 1736 ςρουθῶν
272 1663 365 1736 etrapit,
381 1665 588 1734 incapacitatem
602 1665 671 1735 παρὰ
716 1663 794 1724 dare,
817 1685 873 1718 uon
892 1685 1013 1736 expresse
1032 1667 1230 1725 contradicente

160 1746 194 1798 τὰ
210 1746 294 1820 κράνη.
311 1746 358 1798 Ha
372 1761 436 1798 vero
450 1753 544 1818 penne
565 1756 619 1798 tam
640 1763 672 1800 ex
715 1743 864 1808 Herodoto,
875 1746 923 1817 qni
933 1746 1083 1818 phoenicem
1098 1749 1183 1805 rubro
1197 1766 1230 1803 ec

161 1826 223 1890 alis,
237 1845 317 1900 qnam
335 1823 460 1878 excaudn
475 1824 620 1878 velluntur.
636 1824 670 1880 H.
716 1823 790 1876 fulvo
812 1825 924 1878 mixtum
938 1826 983 1880 ait.
999 1826 1040 1878 De
1059 1839 1158 1882 ttatnra
1171 1841 1228 1882 tam

199 1909 235 1960 11.
251 1925 275 1960 ι.
291 1905 334 1958 An
339 1904 462 1970 fabulose.
475 1904 581 1958 Fabulae
594 1905 672 1976 origi·
716 1903 856 1958 tummodo
866 1906 1128 1977 noncourenit,qna
1136 1926 1227 1978 parem

158 2005 220 2039 nem
233 1984 500 2058 causamqnePliniua
512 1984 569 2056 ipae
577 1985 672 2056 aperit,
715 1983 813 2054 aquilae
819 1983 968 2054 phoenicem
979 1985 1167 2056 pronuntiant,
1177 1988 1229 2040 nisi

158 2066 205 2120 lib.
217 2067 300 2130 xut,
312 2083 370 2136 cap.
383 2082 416 2134 9,
428 2063 477 2116 ubi
487 2062 521 2115 de
533 2082 561 2116 ea
571 2062 671 2118 dicturi
715 2063 762 2116 hat
773 2063 867 2134 aquilae
880 2065 980 2134 species
992 2065 1135 2118 contuleris
1142 2106 1150 2131 ,
1165 2084 1227 2139 qna

158 2165 249 2199 tumne
261 2143 455 2218 opportuniore
461 2142 529 2196 loco.
539 2143 629 2196 Exstat
638 2142 671 2196 dc
714 2141 828 2198 andiunt
837 2143 985 2212 petitar'glc,
998 2143 1063 2214 aigle
1072 2146 1171 2212 tachetd,
1184 2148 1228 2200 vel

159 2225 285 2279 Phoenice
306 2221 448 2278 Claudiani
470 2241 576 2278 carmen
595 2223 671 2278 XLV
715 2222 849 2276 baldramni
854 2264 863 2287 ,
879 2225 944 2293 aigle
957 2224 988 2275 de
1001 2227 1093 2278 rict'tra.
1109 2225 1226 2280 (luam.

159 2319 213 2358 non
231 2307 410 2358 invenustum.
433 2302 523 2356 Ηιιιυ.
546 2336 587 2345 -
610 2303 672 2376 Ipse
716 2301 1080 2375 —Pdam'cemAllegoriam
1091 2306 1227 2377 principio
1276 2340 1279 2345 ,

159 2381 267 2457 quidem
280 2383 404 2457 phenix,
425 2382 446 2435 ai
468 2382 601 2454 devulgo
622 2383 672 2436 cir·
716 2382 1225 2454 inphoenicedeacribeudolatuiatenon

159 2465 281 2519 cumlutia
300 2463 419 2534 cogitet,
434 2480 506 2516 mera
524 2462 611 2516 fabula
633 2476 673 2516 est
715 2462 851 2516 immerito
860 2461 932 2517 docti
943 2461 1066 2518 credunt.
1073 2465 1168 2536 Neque
1178 2484 1227 2536 ego

159 2557 204 2598 aut
218 2545 349 2616 ἀλληγορία
364 2562 371 2595 :
388 2541 434 2596 aed
451 2541 496 2595 hic
515 2544 575 2596 ὄντα
596 2543 672 2604 ὅντως
715 2553 883 2598 tamencum
905 2541 946 2597 Cl.
965 2543 999 2596 V.
1017 2544 1140 2609 anm,
1159 2546 1226 2600 Hr'sr.

159 2621 672 2696 Pliniuedeacribit.Hicscilicetphoenix
714 2621 745 2674 de
764 2622 950 2681 I'Astronomie‚
971 2642 1032 2694 pag.
1056 2628 1127 2690 164,
1146 2624 1227 2678 credo

159 2717 197 2760 ert
210 2716 300 2758 notter
315 2703 428 2756 fasianus
439 2714 559 2767 auratum
571 2701 672 2772 qnippe
715 2699 749 2756 de
765 2720 836 2756 anno
854 2701 1014 2768 caniculario
1031 2721 1127 2772 magno
1143 2707 1227 2776 AEgy-

159 2785 202 2838 cni
218 2784 316 2837 collum
329 2782 402 2836 aurei
416 2782 529 2844 coloris,
542 2781 671 2854 purpurei
714 2782 836 2854 ptiorum
853 2782 890 2834 sic
908 2782 1033 2852 injectam
1049 2783 1227 2848 mentionem,

159 2860 672 2936 corpur,cacruleiplnmnmodocau·
714 2855 1227 2934 tedpotiutcnmquibntdamdemlntie

159 2943 219 2996 dam
242 2956 270 2995 et
290 2943 343 2996 alar
365 2941 498 3014 exceperis
519 2956 583 3012 qnae
598 2959 670 2994 corn·
714 2941 839 2996 hnmanae
857 2941 1063 3009 immortalitate,
1076 2956 1228 3016 autpertp·
1289 2952 1291 2955 '

159 3021 670 3091 mendatrubor,cristatnmveroceput.
714 3020 831 3092 ψυχώσιι.
845 3022 892 3074 Aa.

160 3101 607 3174 Illineaiquitperpulchramavcm
616 3119 670 3152 non
757 3119 783 3154 a.
799 3101 906 3172 Aquae.
926 3101 990 3155 Huc
1007 3101 1109 3156 Plinint
1123 3108 1226 3160 mnrium

160 3181 426 3252 viderit,imaginem
443 3178 518 3233 adeat
535 3180 563 3232 in
575 3179 672 3234 tabulis
715 3179 769 3236 fide
785 3181 821 3232 ab
840 3179 977 3234 Herodoto
995 3195 1148 3250 mutuatur,
1162 3185 1224 3238 Eut.

160 3262 239 3336 pictis
252 3262 374 3314 nostratis
386 3262 506 3312 Burrorr.
518 3259 604 3312 Miror
616 3277 671 3314 nott
714 3259 764 3314 lib.
778 3260 819 3320 11,
829 3279 904 3314 num.
919 3261 955 3330 73
967 3279 1045 3332 ,pag
1064 3279 1128 3333 117,
1142 3261 1226 3320 obire

161 3338 559 3396 antemehancaimilitndinem
567 3338 671 3410 potiue-
714 3351 805 3394 tamen
815 3339 911 3394 vidisse
928 3341 1098 3410 phoenicem,
1114 3343 1165 3396 niti
1181 3331 1243 3414 pi·¹

160 3418 669 3484 vereoro'rnredenunciatam.Quaeh.l.
714 3431 804 3484 etum,
817 3433 905 3492 negat.
916 3421 1082 3474 Tmnacribit
1103 3423 1160 3477 hec
1174 3423 1224 3476 So-

160 3501 252 3567 t'radit,
262 3519 319 3556 eam
331 3499 425 3570 procul
437 3498 520 3552 dubio
533 3500 669 3552 volucrem
714 3498 803 3561 liunt,
820 3518 843 3554 c.
858 3517 962 3566 xxxam,
979 3519 1007 3571 p.
1020 3502 1075 3566 63,
1089 3520 1105 3554 a
1117 3502 1204 3556 Plinio
1216 3542 1224 3565 ,

160 3593 442 3654 repraesentant,quam
455 3579 605 3632 Phoenicem
617 3597 671 3632 ma·
714 3577 759 3631 ted
785 3579 820 3631 ita
844 3593 874 3632 nt
904 3580 994 3632 omnia
1022 3581 1224 3636 transcribendo

159 3663 184 3715 le
202 3674 338 3726 vocatam,
358 3662 450 3712 Rome
472 3669 672 3713 ostentaverant
713 3658 932 3714 mineatum.

160 3743 306 3812 imperante
328 3737 464 3804 Claudio,
490 3757 552 3792 mox
578 3739 669 3792 taleam
755 3738 782 3792 3.
811 3739 884 3792 Cimo
908 3739 980 3793 colla.
1010 3738 1135 3805 Solinus,
1162 3744 1223 3794 citro

159 3821 330 3876 existimatam
347 3821 380 3874 ab
397 3818 531 3880 omnibus,
549 3817 668 3872 mitram·
714 3819 797 3876 cossa:
812 3817 947 3874 mendose.
960 3819 1051 3874 Haan.

159 3920 212 3974 quc
226 3901 335 3956 antehac
346 3917 377 3952 ex
388 3897 456 3952 Asin
465 3898 610 3970 superioria
620 3916 669 3971 pe·
754 3906 780 3963 4.
795 3898 882 3952 crasa
889 3901 978 3967 facum
986 3912 1103 3972 caputque
1114 3900 1225 3971 plumeo,

159 3982 315 4046 netralibus,
336 3977 421 4034 Iudie
441 3978 591 4050 peninsulam
612 3980 669 4051 jam
713 3991 764 4032 etc.
781 3979 876 4052 Lege:
899 3980 987 4034 Cristr's
995 3981 1226 4051 summumque

160 4061 353 4132 pervestigante
367 4057 542 4112 induminE
557 4057 671 4112 cireutn-
711 4059 851 4130 phameoqae
862 4063 932 4130 apice
947 4059 1224 4114 commutescunt.

160 4155 247 4196 turum
260 4139 383 4212 ingenio,
400 4139 446 4212 qui
465 4157 508 4192 rea
526 4137 606 4192 mirae
620 4138 671 4192 cir·
714 4157 776 4210 pag.
795 4138 859 4204 tta.
