3200 5159
613 527 764 594 uiuuu
789 529 833 594 x.
1184 525 1257 620 329

191 679 274 726 voce
289 656 455 724 vitientur.
475 641 691 725 Remedium⁸
702 669 819 725 contra
831 656 990 738 tonitrus,
1005 654 1119 724 clavus
1130 656 1256 727 ferreus

192 762 254 831 sub
269 762 424 832 stramine
441 785 581 830 ovorum
604 763 748 856 positus,
770 774 829 829 aut
845 776 933 830 term
950 785 991 830 cx
1011 776 1132 830 aratro.
1155 764 1255 851 Quae-

190 867 267 936 dam
288 865 413 936 nutem⁹
430 873 464 934 et
482 868 564 936 citra
577 866 759 936 incubitum
776 881 894 962 sponte
904 873 1035 936 naturae'
1045 869 1203 962 gignunt,
1215 884 1255 938 ut

189 975 225 1042 in
251 974 382 1067 AEgypti
415 972 543 1042 fimetis.
570 975 697 1042 Scitum
723 973 764 1042 de
796 973 941 1066 quodam
965 976 1130 1068 reperitur
1155 978 1253 1069 Syra-

190 1080 276 1149 cusis
290 1078 415 1150 tamdiu
432 1094 547 1173 potare
565 1077 716 1168 solitum,
739 1079 847 1149 donec
864 1095 1022 1174 cooperta
1039 1094 1129 1149 terra
1146 1080 1251 1151 fetum

188 1181 325 1254 ederent
337 1209 401 1253 ova
413 1183 445 1253 ¹⁰.

242 1293 398 1360 LXXVI.
421 1292 512 1380 Quin
532 1305 566 1360 et
583 1292 626 1360 ab
643 1290 793 1361 bomine¹
809 1290 1036 1386 perficiuntur.
1051 1284 1136 1380 (nv.)
1154 1293 1249 1362 Liria
1270 1314 1283 1350 1

186 1397 365 1490 Augustn²‚
385 1398 492 1491 prima
518 1421 575 1466 sua
591 1397 729 1489 juventa
751 1398 887 1466 Tiberio
910 1399 1040 1466 Coesare
1060 1421 1100 1466 ex
1120 1400 1253 1468 Nerone

187 1501 339 1596 grauida,
357 1511 596 1596 quum'parere
614 1501 740 1572 virilem
765 1527 878 1572 sexum
897 1502 1076 1571 admodum
1095 1521 1253 1598 cuperet,

186 1605 253 1676 boc
270 1631 328 1676 usa
344 1622 394 1677 cst
408 1607 546 1701 puellari
558 1611 713 1704 augurio,
732 1633 833 1677 ovum
847 1611 881 1676 in
894 1611 968 1677 sinu
982 1608 1142 1695 fovendo,
1152 1624 1252 1704 atque

185 1737 288 1806 quum
304 1712 536 1808 deponendum
554 1713 709 1798 baberet,
728 1715 849 1783 nutrici
866 1725 927 1809 per
946 1716 1053 1783 sinum
1074 1715 1250 1804 trudendo,

181 1842 228 1914 'ne
251 1819 525 1901 intermitteretur
556 1834 660 1914 tepor.
692 1822 764 1890 Nec
793 1819 875 1889 falso
899 1835 1060 1914 augurata
1089 1814 1249 1915 proditur.

225 1991 252 2044 8.
280 1989 427 2042 Remedium.
453 1989 617 2052 Columella,
640 1987 691 2056 loc.
737 2009 786 2043 nec
810 1989 890 2042 nimir
911 1987 1060 2057 laboriosa,
1083 2009 1133 2044 nec
1160 2003 1249 2046 temen

184 2067 230 2120 cit.
249 2087 309 2140 peg-
327 2072 382 2138 ²89
402 2089 409 2121 t
426 2067 570 2132 «Plurimi,
590 2069 693 2140 iuquit,
737 2069 860 2140 ignobili.
874 2070 921 2121 Ar.

183 2147 253 2201 infre
265 2149 396 2202 cubilium
414 2160 554 2202 strumento
568 2149 693 2219 gruminis
780 2167 822 2202 ιο.
844 2147 929 2200 Donec
955 2159 1065 2218 cooperta
1092 2152 1248 2217 terrestrum
1309 2208 1311 2217 Ι

182 2225 300 2300 aliquid,
311 2240 337 2280 ct
351 2228 562 2289 ramulorum,
577 2246 625 2281 uec
641 2229 693 2280 mi·
735 2228 833 2280 ederent
853 2248 907 2280 ora.
928 2225 1105 2280 Scribeudum
1125 2227 1248 2295 videtur,

181 2325 234 2359 une
251 2306 296 2358 elii
316 2307 403 2379 cupita
418 2326 481 2360 cnm
501 2306 581 2360 clnvie
601 2307 693 2360 ferreis
736 2320 851 2376 emperta
861 2319 958 2369 storea,
978 2325 1033 2359 non
1049 2305 1159 2379 cooperta
1174 2320 1248 2362 tem.

181 2385 328 2456 subjiciunt
349 2405 357 2439 t
380 2405 439 2459 qun
462 2399 557 2440 cuncte
574 2385 692 2440 remedie
736 2387 889 2440 Aristotelen
907 2386 978 2438 libro
996 2399 1082 2451 sexto,
1102 2388 1188 2458 cupite
1208 2407 1249 2442 re·

181 2463 328 2518 ereduntur
346 2485 401 2519 eree
417 2465 542 2520 adversm
560 2465 690 2530 tonitrua,
735 2465 799 2521 do:
827 2493 840 2514 ι
854 2465 990 2538 Syracusis
1010 2478 1116 2536 potator
1137 2466 1248 2537 quidem

181 2545 279 2615 quibus
295 2544 423 2599 vitientur
436 2563 499 2610 orn,
516 2545 637 2618 pullique
650 2563 690 2598 ee·
734 2545 848 2598 oviuub
858 2559 944 2608 ⁸rtorer
952 2545 980 2596 iu
992 2557 1061 2598 term
1069 2546 1173 2616 potitis,
1182 2559 1248 2599 tum-

181 2623 318 2678 uniforme
330 2624 533 2685 interimuntur,
548 2637 689 2696 antequem
734 2623 780 2677 diu
804 2626 927 2697 potabat,
956 2622 1043 2677 donec
1063 2645 1115 2678 ova
1136 2624 1247 2679 ederent

181 2704 231 2756 toti
246 2703 426 2774 pertibueeuie
439 2717 664 2758 consummentur.
674 2731 686 2753 ι
733 2703 827 2757 fetum.
838 2730 849 2750 ι
867 2706 1000 2757 Prnrun.

180 2782 272 2836 fluv.
772 2783 899 2836 LXXVI.
923 2803 948 2838 ι.
971 2784 1039 2852 Quin
1062 2795 1088 2835 et
1103 2783 1135 2834 ab
1153 2784 1247 2836 homme

220 2882 247 2932 9.
264 2864 382 2933 Quoedam
391 2876 477 2916 autem.
490 2864 557 2928 Qute
566 2882 638 2917 nunc
650 2865 689 2916 ef·
729 2861 986 2941 perficiuntumconl'.
996 2862 1120 2916 Albertue
1133 2863 1172 2918 M.
1187 2865 1246 2918 loco

180 2942 302 2995 feruntur
315 2961 329 2996 a
343 2943 449 3008 Plinio,
464 2942 616 2996 cateridem
629 2961 688 2996 ver·
732 2943 823 2996 citato.
833 2941 925 2996 Hune.
1060 2958 1062 2961 ·
1126 2939 1132 2951 '

178 3020 220 3073 bie
234 3035 349 3088 exstent,
366 3036 422 3076 tum
438 3021 512 3090 opud
522 3021 604 3075 Arist.
618 3022 687 3076 uin.
774 3041 800 3074 n.
821 3023 893 3074 Liria
910 3025 1035 3090 Augusta.
1056 3022 1132 3075 Livia
1147 3041 1246 3095 nempe

178 3098 224 3153 lib.
244 3101 299 3165 vl,
319 3119 376 3172 cap.
398 3120 440 3165 2„
451 3120 512 3173 pag.
535 3106 609 3166 644,
629 3114 687 3154 tum
732 3101 860 3166 Drusilla,
873 3120 932 3173 que
946 3101 1056 3154 Tiberio
1068 3100 1245 3164 Neroni‚Ti-

179 3178 252 3249 apud
260 3182 400 3234 Albertum
410 3180 445 3233 de
451 3181 568 3237 Animal.
578 3181 625 3233 lib.
635 3181 687 3246 VI,
730 3181 914 3235 tertiemus
926 3181 995 3250 patri
1004 3180 1137 3251 primum,
1148 3181 1245 3237 deiude

179 3271 255 3313 tract.
274 3278 303 3326 r,
318 3279 377 3331 cup.
402 3279 433 3326 1,
450 3279 508 3332 ρας.
529 3260 688 3330 189.Nunc
731 3260 855 3330 Augusto
879 3259 971 3330 nupsit
988 3280 996 3313 t
1016 3260 1137 3329 Auguste
1156 3260 1244 3326 dicta,

177 3356 284 3411 quoque
295 3341 481 3413 pervulgatum
493 3353 531 3393 eet
542 3353 569 3393 et
583 3339 610 3392 in
621 3357 687 3392 con·
731 3340 902 3393 matrimonio
912 3337 1035 3409 Augusti.
1044 3338 1152 3393 Sueton.
1161 3341 1189 3394 in
1196 3342 1245 3395 Ti·

178 3419 246 3472 lerco
264 3438 366 3474 morem
385 3421 457 3474 bunc
476 3417 609 3491 hodieque
632 3437 688 3472 eree
714 3420 788 3472 ber.
809 3438 867 3491 cap.
880 3436 947 3471 xrv:
967 3445 978 3464 ·
991 3420 1131 3489 Pregntm
1150 3421 1244 3486 Livia,

176 3498 309 3569 Egyptie
318 3501 417 3571 gentis,
426 3514 456 3554 ut
464 3519 547 3554 veruo
556 3514 687 3570 tempore,
730 3518 813 3571 quum
820 3518 854 3552 nn
864 3517 964 3551 marem
972 3496 1077 3550 editum
1087 3512 1154 3552 erret
1164 3501 1244 3554 variis

176 3578 260 3630 multo
281 3592 397 3632 stercore
422 3580 539 3651 limoque
562 3590 686 3650 congesto
730 3578 1089 3648 cupteretominibue‚ovum
1104 3578 1243 3633 incubanti

176 3655 309 3728 ingentem
316 3659 398 3711 veluti
406 3657 517 3712 luruum
524 3671 686 3723 construant,
730 3657 834 3729 galline
845 3657 1017 3724 subductum,
1027 3675 1098 3711 nunc
1106 3678 1162 3724 eun,
1170 3679 1244 3714 nunc

174 3733 204 3786 in
220 3755 299 3808 quem
314 3749 369 3790 tote
380 3738 474 3792 vicinia
489 3739 568 3810 longe
582 3739 685 3808 lateque
730 3738 910 3791 ministrarum
925 3757 1005 3792 manu
1019 3738 1150 3807 pervices
1160 3757 1243 3810 usque

175 3833 225 3868 ove
239 3816 377 3872 conferet:
393 3819 549 3872 ubirolieet
563 3817 685 3870 stercorio
729 3834 761 3870 eo
783 3818 865 3882 fovit,
891 3816 979 3888 quoad
997 3818 1086 3887 pullus
1104 3817 1243 3888 insigniter

146 3931 149 3938 -
174 3899 349 3964 putrescentis
382 3915 481 3967 vapore
512 3897 684 3963 animentur,
729 3898 850 3952 cristatus
859 3897 979 3950 exclusus
989 3909 1036 3950 eet.
1046 3898 1087 3950 Ac
1096 3894 1130 3950 de
1141 3898 1243 3951 infante

175 3987 398 4048 tuoquetempore
406 3977 493 4046 pullos
500 3975 683 4030 edentlluuu.
729 3977 884 4030 Scribonius
897 3977 1100 4030 Mathematicus
1116 3977 1241 4046 preclare

174 4055 260 4107 -Et
278 4053 396 4125 quotidie
416 4055 490 4126 apud
514 4074 563 4108 noe
581 4057 609 4108 iu
628 4056 684 4108 l'ur·
728 4054 972 4128 spoponditteticm
979 4067 1238 4127 regneturuuuetc·

174 4133 215 4186 nit
236 4145 311 4204 tepor
328 4132 417 4188 educit
436 4134 537 4207 pullos,
554 4133 683 4188 industrie
728 4135 799 4188 Liria
812 4155 894 4208 porro
907 4135 952 4189 bic
964 4136 1016 4206 legi
1028 4148 1168 4206 oportere,
1182 4155 1240 4189 non
