3200 5159
486 535 489 538 ’
583 567 743 637 nmen
767 567 834 636 x1.
1145 565 1222 654 435

157 721 224 793 qua
239 709 493 767 concameratur
509 693 749 768 architectura!
764 711 799 767 et
818 710 939 766 contra
957 695 1081 791 frigora
1098 715 1223 793 quanto

158 799 321 874 villosior!
341 829 441 898 quam
462 819 610 873 remotus
629 828 649 873 a
668 803 798 891 medio,
815 802 971 897 aliudque
989 805 1115 898 agentis
1135 807 1222 876 simi·

157 906 213 979 lis!
234 907 381 979 inclusus
398 934 478 978 vero
500 911 561 996 sic,
582 924 621 981 ut
637 912 696 998 sit,
712 933 846 996 necne,
867 910 955 978 intus
977 909 1111 1006 aliquis,
1131 915 1223 983 cerni

158 1041 228 1085 non
245 1013 366 1112 possit!
387 1022 476 1110 Age,
495 1015 633 1086 firmitas
653 1036 662 1080 :
684 1029 811 1110 quanto
833 1017 1062 1110 rumpentibus
1089 1017 1225 1089 ventis?

157 1147 223 1216 qun
237 1120 413 1218 pulverum
426 1121 513 1192 mole
530 1121 754 1217 degravante?
775 1121 933 1194 Letitndo
948 1120 1021 1194 telae
1036 1148 1122 1218 saepe
1138 1126 1225 1196 inter
1280 1175 1285 1184 -

157 1226 241 1298 duas
257 1229 408 1316 arbores,
434 1253 536 1323 quum
553 1243 685 1299 exercet
704 1245 810 1300 artem
832 1243 866 1296 et
885 1227 981 1298 discit
995 1243 1105 1300 texere
1124 1255 1132 1301 :
1151 1229 1223 1302 lon·
1301 1269 1303 1271 ·

158 1334 274 1428 gitrrdo
289 1333 336 1404 fili
353 1361 374 1404 n
394 1331 560 1422 culmine,
586 1359 626 1404 ac
646 1359 761 1404 rursus
779 1359 799 1403 a
822 1349 911 1404 terra
929 1359 990 1430 per
1010 1333 1091 1408 illud
1114 1337 1223 1432 ipsum

156 1439 257 1510 velox
264 1443 484 1537 reciprocatio
496 1465 504 1508 :
518 1441 673 1536 subitque
690 1442 814 1535 pariter
828 1465 867 1512 ac
882 1439 938 1512 fila
951 1440 1094 1514 deducit.
1108 1445 1222 1533 Quum
1242 1460 1257 1516 ⁵

157 1571 240 1617 vero
252 1561 391 1643 captura
406 1547 538 1634 incidit,
549 1573 650 1641 qnam
663 1545 805 1642 vigilans
818 1561 852 1617 et
862 1562 999 1642 paratus
1013 1547 1055 1617 ad
1069 1549 1224 1622 cursum?

158 1651 237 1724 licet
251 1651 429 1724 extrema'⁹
445 1654 570 1723 hereat
586 1653 701 1749 plaga,
723 1677 856 1749 semper
873 1655 907 1724 in
925 1653 1073 1726 medium
1093 1658 1222 1726 currit:
1310 1719 1313 1726 .

157 1762 239 1853 quia
259 1762 308 1830 sic
327 1762 471 1829 maxime
490 1773 599 1830 tntum
621 1759 844 1832 concutiendo
857 1758 1013 1854 implicat.
1027 1761 1135 1832 Scissa
1146 1787 1223 1857 pro·
1296 1839 1302 1850 ,

159 1867 249 1935 tinus
270 1865 399 1953 reficit,
421 1864 465 1934 ad
486 1865 663 1961 polituram
683 1867 837 1936 sarciens.
858 1868 1009 1961 Namque
1031 1880 1065 1936 et
1084 1866 1224 1938 lacertu·

160 1997 235 2039 rum
257 1970 384 2041 catulos
405 1987 571 2041 venantur
587 1989 595 2031 ἰ
612 1998 650 2042 os
669 1969 852 2067 primum'⁰
875 1969 939 2040 tela
951 1970 1178 2061 involventes,
1192 1989 1226 2044 et

160 2091 240 2147 tunc
261 2077 397 2148 demum
420 2078 512 2149 labra
530 2093 669 2173 utraque
691 2103 807 2148 morsu
827 2077 1130 2172 apprehendentes,
1152 2105 1225 2150 am-

154 2182 373 2278 phitheatrali
389 2183 594 2279 spectaculo,
616 2209 719 2279 quum
734 2185 882 2278 contigit.
898 2185 982 2252 Sunt
997 2208 1037 2252 ex
1049 2209 1098 2254 ¹eo
1115 2200 1150 2256 et
1168 2211 1225 2258 au·

159 2292 264 2384 guria.
280 2292 416 2385 Quippe
427 2291 633 2360 incremento
648 2291 797 2360 amnium
816 2290 930 2359 futuro
944 2287 1025 2360 telas
1041 2314 1117 2361 suas
1130 2291 1227 2362 altius

159 2394 291 2466 tollunt
314 2396 420 2467 Iidem
446 2422 563 2469 sereno
590 2394 756 2485 texunt²¹,
783 2394 898 2496 nubilo
929 2411 1063 2469 texunt:
1087 2397 1229 2494 ideoque

160 2656 236 2726 plurs
245 2653 324 2723 side,
335 2655 363 2708 in
378 2655 472 2710 Senec.
484 2654 519 2708 de
537 2655 670 2708 clement.
715 2653 863 2723 llsprritsrns
876 2650 917 2717 dl,
926 2652 1026 2725 inquit,
1039 2653 1082 2708 sal
1091 2661 1232 2726 πιριιλίπι-

160 2736 242 2800 lib.I,
251 2754 310 2808 cnp.
322 2755 363 2789 12.
375 2735 464 2790 Han.
717 2752 758 2786 ται
769 2732 812 2785 sel
821 2735 869 2792 τοῖς
883 2733 972 2802 μείζοσι
981 2734 1056 2796 ζώοις.
1067 2735 1165 2790 tertiat
1178 2739 1231 2798 ταῖς

199 2815 240 2882 19‘.
258 2819 325 2867 lices
335 2829 456 2867 erma.
468 2812 531 2868 llrec
543 2812 672 2885 deinceps
715 2814 814 2882 seipas<
826 2809 952 2865 tenentes
964 2813 1018 2884 πιρὶ
1030 2816 1058 2868 τὸ
1072 2817 1149 2886 eripe,
1160 2836 1229 2888 mpg.

161 2894 240 2948 Arlst.
252 2894 324 2950 Hist.
334 2893 422 2947 Anius.
434 2893 480 2946 lib.
495 2892 618 2963 1X,cap.
629 2892 672 2958 63,
715 2895 765 2945 lias
781 2892 885 2961 ἀφίησιν,
902 2896 945 2952 [ως
956 2892 983 2945 dv
996 2894 1101 2963 συλλάὸῃ
1114 2899 1142 2950 τὸ
1155 2897 1229 2968 (dpe-

160 2993 188 3044 p.
206 2980 281 3037 nol.
290 2974 401 3044 Semper
413 2992 430 3026 a
442 2971 533 3025 medio
543 2972 671 3044 impetum
715 2973 769 3026 τότε
783 2969 809 3024 d’
822 2968 872 3030 tta
888 2969 972 3026 teate
988 2975 1124 3044 sposstln'v.
1150 3001 1161 3023 ι
1171 2976 1229 3030 Cir·

132 3119 135 3122 ,
160 3052 242 3106 lacit:
263 3066 291 3105 et
308 3071 391 3125 quum
405 3050 520 3107 cadaver
535 3051 629 3114 silent,
651 3049 672 3103 si
715 3051 852 3108 cumvenit
869 3050 946 3104 etism
961 3065 987 3106 et
1002 3051 1112 3108 obducit
1129 3058 1228 3128 majora

160 3133 267 3187 interim
285 3131 387 3204 aliquid
404 3129 556 3193 irretiatur,
574 3143 626 3182 non
639 3148 672 3184 ex
715 3131 839 3183 animalis
853 3147 860 3183 :
873 3149 935 3182 nam
947 3132 1064 3185 minores
1072 3151 1180 3206 quoque
1190 3135 1229 3188 ls-

160 3212 265 3266 eoloco
273 3212 320 3266 nbi
330 3224 377 3274 est,
387 3207 504 3283 prodam
510 3208 672 3280 aggreditur,
714 3211 828 3263 certuls's
841 3208 955 3272 invadit,
969 3223 994 3265 et
1016 3212 1052 3266 ob
1066 3231 1096 3266 os
1114 3214 1229 3268 circum-

160 3290 210 3346 sed
218 3292 293 3362 prins
303 3289 392 3344 medio
400 3287 524 3360 repetito,
534 3287 607 3341 unde
616 3307 672 3342 ms·
715 3307 824 3342 currens
831 3289 926 3342 emittit
936 3288 1027 3356 filum,
1036 3289 1121 3346 donec
1128 3291 1228 3348 buccas

151 3371 304 3441 ,gissentiet
312 3380 429 3422 motum:
442 3379 523 3439 atque
531 3385 564 3420 ex
574 3367 672 3438 eoipsn
714 3368 961 3439 comprehenderit:
976 3379 1032 3422 tum
1042 3387 1104 3424 vero
1121 3388 1228 3443 aggres-

161 3452 222 3504 lnco
233 3448 411 3504 concutiendo
422 3448 520 3508 telam,
535 3447 672 3518 captivum
714 3467 760 3500 sns
770 3447 898 3504 mordet.»
906 3447 998 3502 Hssn.

162 3529 295 3602 implicat,
307 3547 392 3600 usque
408 3527 474 3581 dum
488 3527 673 3599 suiimpetnm
753 3529 972 3580 srdidsmsereno
981 3527 1230 3600 texuntNegantem

161 3609 249 3662 tanin.
262 3608 356 3662 lisso.
717 3605 838 3660 voculam
846 3605 908 3658 libri
922 3605 1041 3678 impressi
1055 3606 1231 3674 addiderunt,

201 3705 244 3740 so.
270 3693 304 3739 Os
323 3689 430 3755 primunr
443 3690 494 3738 ute
510 3688 673 3749 involventes,
715 3705 856 3738 umorem
864 3699 961 3750 murt,
969 3704 1050 3757 qnam
1061 3688 1230 3759 nequsMSS.

159 3781 187 3820 et
203 3780 261 3818 trisse
278 3771 374 3819 demum
387 3769 458 3819 tetra
476 3779 674 3833 utmqnsssorsu
717 3776 865 3835 agnoscunt
886 3764 949 3830 ulli,
970 3784 1019 3818 nec
1036 3766 1134 3818 veritas
1154 3766 1230 3836 ipsu,

160 3849 380 3914 apprehendentes,
390 3845 673 3914 etc-Nonlosprimnm,
717 3844 944 3915 experientiaque,
956 3844 1063 3914 petitur.
1079 3845 1111 3896 Et
1122 3846 1231 3900 Aristus.

164 3936 196 3977 nt
205 3923 266 3976 libri
275 3925 354 3995 vulgo
366 3924 486 3996 impressi
497 3925 597 3978 babent
608 3941 616 3974 r
629 3923 675 3978 sed
719 3921 828 3996 quidem
844 3923 907 3994 ipse,
917 3940 974 3995 cap.
987 3927 1034 3989 26,
1044 3921 1175 3995 problem.
1186 3926 1231 3988 tt,

164 4023 206 4065 er,
221 4014 278 4055 tum
289 4022 321 4056 ex
332 4005 395 4075 lleg.
413 4024 436 4067 r,
446 4024 471 4064 s,
481 4005 599 4058 Colbert.
618 4023 642 4066 r,
652 4023 677 4068 s,
719 4021 779 4076 pag.
795 4005 858 4067 806.
874 4004 896 4053 iv
906 4004 958 4062 ταῖς
973 3999 1080 4066 εὐδίαις,
1094 4020 1175 4073 quum
1191 4020 1237 4056 se·

165 4081 249 4134 Paris¹
262 4079 353 4134 Cbiffl.
366 4095 425 4135 tuns
439 4100 474 4136 ex
484 4083 591 4136 Aristnt.
608 4082 675 4136 llist
720 4082 919 4138 renunculum
939 4093 992 4146 est,
1006 4081 1111 4152 operari
1126 4100 1236 4136 araneos

167 4161 448 4234 Anim.lib.1X,csp.
459 4163 505 4228 6³,
514 4180 572 4234 ρος.
586 4165 652 4216 1106
667 4182 674 4216 ε
722 4181 776 4216 nou
786 4161 868 4216 semel
878 4172 1020 4215 sueverat.
1032 4161 1123 4214 lisso.

1033 4268 1110 4356 28²¹
