3200 5159
730 348 743 381 b

380 583 429 652 70
645 560 683 628 c.
712 558 885 628 enirn
913 560 1024 630 nar,
1053 558 1182 628 nisa.

378 684 537 784 cyprino⁹
554 702 682 783 putant.
705 693 749 760 Et
766 690 888 785 alioqui
899 688 924 715 ²⁹
940 705 1046 760 toturn
1064 714 1156 759 mare
1174 692 1274 759 sentit
1294 704 1445 762 exortum
1518 728 1520 736 Α

379 796 449 889 ejus
481 796 625 865 sideris:
650 797 740 890 quod
764 800 906 867 maxime
929 799 964 865 in
995 798 1168 893 Bosphoro
1189 812 1334 891 apparet.
1363 797 1446 892 Alga

378 904 467 971 enim
482 917 516 970 et
532 904 637 997 pisces
659 902 928 996 superferuntur,
943 906 1118 999 omniaque
1132 902 1174 971 ab
1188 904 1255 971 imo
1275 927 1369 972 versa
1380 902 1413 971 ¹¹.

347 1044 357 1073 1
431 1010 558 1077 XXVI.
578 1007 761 1103 Mugilum¹
783 1024 901 1077 natura
925 1010 1068 1096 ridetur,
1091 1012 1124 1078 in
1142 1024 1233 1077 metu
1249 1010 1356 1104 capite
1370 1009 1445 1077 abs·

378 1114 528 1198 condito,
558 1129 646 1183 totos
677 1140 712 1185 se
738 1114 898 1185 occultari
927 1117 1139 1186 credentium.
1164 1113 1306 1185 lisdem¹
1333 1130 1445 1185 tamen

379 1235 469 1289 tanta
490 1219 656 1303 salacitas,
671 1236 709 1290 ut
731 1224 765 1290 in
784 1222 956 1309 Phoenice,
974 1237 1007 1291 et
1026 1223 1234 1291 Narbonensi
1255 1223 1445 1317 provincia,

379 1327 485 1396 coitus
501 1340 650 1421 tempore
666 1328 959 1399 evirariismarem
979 1326 1064 1399 linea
1080 1328 1257 1424 longinquo
1276 1353 1335 1423 per
1351 1353 1388 1397 os
1402 1326 1445 1397 ad

377 1432 556 1503 branchias
574 1434 710 1528 religata
728 1437 883 1505 emissum
911 1438 946 1505 in
963 1460 1069 1517 mare,
1087 1435 1268 1529 eademque
1288 1433 1374 1503 linea
1393 1459 1444 1503 re·

379 1553 539 1628 tractum,
562 1539 693 1609 feminae
708 1556 889 1635 sequantur
909 1542 951 1613 ad
973 1541 1083 1630 littus,
1101 1566 1279 1636 rursusque
1288 1539 1444 1609 feminam

380 1670 487 1715 inares
502 1661 616 1741 partus
634 1660 795 1741 tempore.

346 1790 357 1823 ι
431 1755 577 1821 XXVII.
600 1750 699 1847 Apud
730 1754 882 1847 antiquos
904 1756 1043 1849 piscium
1067 1752 1287 1823 nobilissimus
1312 1750 1445 1820 habitus

378 1967 448 2035 egit,
462 1967 554 2034 Πάσχα
565 1962 597 2016 δί
606 1984 666 2018 ποτε
677 1972 746 2019 τοῦτο
757 1966 799 2017 καὶ
812 1970 895 2037 suspi-
937 1987 1026 2029 verso,
1039 1986 1121 2039 quum
1141 1965 1206 2019 editi
1224 1964 1309 2017 minus
1323 1964 1444 2029 sincere,

378 2066 433 2108 νος,
446 2038 515 2101 ἧττον
525 2041 564 2096 tt.
576 2047 671 2095 Parimr
681 2048 727 2096 lios
737 2047 810 2096 eriam
820 2048 894 2113 cypri·
937 2050 969 2097 ab
982 2050 1031 2098 imo
1043 2067 1117 2099 versa
1129 2048 1226 2105 oannis,
1236 2040 1396 2097 exhiberent.
1409 2042 1443 2096 H.

380 2145 441 2185 nos,
466 2128 514 2174 ssd
533 2127 622 2175 minus.
643 2122 676 2173 Et
694 2135 764 2176 certe
789 2124 892 2177 DorIon
971 2125 1070 2179 XXVI.
1096 2144 1117 2179 r.
1137 2126 1265 2191 Mugilano.
1280 2122 1358 2175 Arist.
1378 2122 1444 2176 Hist.

380 2201 452 2273 opud
464 2202 635 2264 Athenaeum,
649 2201 694 2254 lib.
707 2202 759 2253 VII
768 2242 776 2267 ,
786 2220 813 2273 p.
828 2203 890 2271 309,
936 2205 1022 2257 Anim.
1039 2204 1087 2257 lib.
1101 2203 1183 2270 VIII,
1197 2220 1252 2272 esp.
1266 2202 1368 2271 5,psg.
1379 2202 1429 2271 874
1437 2242 1445 2264 ,

378 2282 447 2334 inter
454 2280 577 2335 lacustres
586 2293 612 2335 et
622 2280 740 2335 fluviales
748 2282 890 2353 cyprinum
934 2302 1014 2354 quern
1026 2282 1089 2337 citat
1105 2294 1131 2335 et
1147 2282 1300 2342 Atheniens,
1314 2280 1361 2333 hb.
1372 2281 1443 2345 VII,
1472 2340 1476 2349 .

379 2374 496 2415 recenset
508 2382 515 2415 ι
528 2380 607 2434 quem
617 2380 632 2415 s
641 2362 725 2415 Gallis
735 2382 835 2431 carpam
846 2382 890 2415 vo·
934 2380 993 2435 pag.
1005 2362 1063 2415 308.
1071 2360 1141 2413 Galli
1154 2364 1240 2411 mutere
1252 2370 1355 2411 vocent.
1367 2358 1446 2426 Itali,

378 2442 435 2494 cari
458 2441 625 2513 agnoscimus
649 2458 656 2493 :
676 2459 731 2511 quo
749 2458 846 2513 genere
864 2452 890 2493 st
934 2444 1043 2509 cephala}
1054 2438 1253 2503 Narbonenses,
1265 2442 1356 2500 cohors,
1368 2439 1445 2511 quasi

378 2518 468 2611 lluviir
483 2531 506 2572 et
520 2531 612 2591 stagna
632 2520 778 2591 praesertim
799 2530 889 2572 nostes
934 2522 1059 2591 capitntos
1079 2538 1086 2572 :
1104 2521 1205 2588 sipoto<
1227 2518 1298 2570 enirn
1314 2519 1444 2589 mugilum

378 2599 548 2653 refertissima
574 2611 643 2651 sunt.
672 2598 726 2651 sed
755 2599 888 2651 marinum
933 2600 1052 2652 omnium
1074 2610 1375 2652 communenornenest
1392 2598 1446 2653 Ga·

378 2679 449 2731 onim
467 2678 606 2750 cyprinum
622 2678 739 2748 agnoscit
752 2690 777 2729 et
786 2678 889 2749 Oppia·
932 2669 1011 2741 lino,
1033 2678 1077 2733 lib.
1097 2679 1140 2731 Ill
1159 2676 1193 2729 de
1213 2676 1329 2729 aliment.
1343 2676 1444 2731 Facult.

378 2774 445 2818 nus,
462 2756 579 2809 Halieut.
596 2754 641 2808 lib.
659 2756 690 2820 1,
709 2774 777 2809 vers.
797 2774 844 2809 101
863 2769 889 2810 et
932 2755 1040 2829 aliisque
1062 2776 1069 2809 ε
1087 2754 1235 2819 Aristoteli,
1256 2756 1354 2825 species
1373 2774 1444 2828 quao-

379 2835 439 2902 592.
455 2834 594 2887 Athenaeus
612 2852 719 2906 quoque
739 2836 888 2888 Aristotelis
932 2836 993 2888 datu
1009 2836 1149 2910 singularis
1166 2848 1217 2896 est,
1233 2850 1292 2906 qum
1310 2838 1445 2888 communi

378 2913 521 2985 cyprinum
531 2914 664 2965 marinum
677 2930 732 2965 esse
744 2912 887 2984 sigulficst,

378 2993 430 3048 loc.
451 2992 494 3045 cit.
516 2992 609 3063 lingua
631 2992 756 3046 eumdem
776 3011 887 3058 carere,

378 3072 531 3125 stellano.

415 3170 439 3223 9.
457 3154 570 3218 Cypriuo.
583 3152 623 3203 De
635 3150 681 3203 illo
697 3150 768 3222 pisce
783 3168 831 3205 nos
847 3152 886 3203 in·

380 3230 428 3283 fro.
440 3231 559 3284 Cuvm.

416 3328 456 3365 ιο.
470 3312 503 3359 Er
511 3310 613 3375 alioqui.
624 3307 733 3360 Aristot.
743 3306 809 3359 niu.
820 3308 889 3361 libro

379 3388 466 3450 VIII,
478 3406 537 3456 cap.
553 3405 600 3448 so,
612 3404 671 3458 pag.
688 3387 749 3455 934.
767 3388 805 3440 De
816 3406 847 3441 ea
860 3408 889 3441 re

379 3464 553 3528 dictum,lib.
563 3466 607 3530 Il,
620 3484 674 3535 cap.
690 3472 732 3528 Io.
745 3466 854 3519 Dicetur
864 3481 889 3521 et

378 3544 425 3597 lib.
438 3544 532 3597 XVIII
542 3563 614 3615 ,cap.
625 3545 670 3597 68.
683 3543 771 3596 llsnn.

417 3642 457 3678 ιι.
470 3630 537 3692 Algo
545 3628 609 3676 enim
620 3627 728 3693 cepisses
737 3626 891 3693 superfit-un·

379 3721 426 3767 tur,
446 3710 578 3772 omniaque
596 3708 628 3755 ab
650 3708 698 3755 lmo
718 3723 799 3757 versa.
820 3707 889 3772 Aiga

378 3782 500 3853 rescripsi
521 3802 570 3855 pro
590 3788 668 3852 olgoe,
687 3802 716 3833 ex
736 3783 889 3846 Aristotele,

378 3862 446 3916 Hier.
461 3862 506 3916 lib.
516 3862 583 3914 Vlll
594 3901 602 3927 ,
614 3881 673 3932 cap.
686 3880 734 3923 so,
749 3880 808 3932 pag.
823 3862 890 3928 634,

378 3943 425 4000 nbi
440 3940 473 3994 tle
492 3943 570 3994 maris
590 3942 758 3994 subversione
776 3943 810 3992 ab
830 3960 890 3994 exo·

378 4025 461 4077 riente
479 4020 608 4075 Canicula
627 4022 729 4093 τήγὰρ
748 4024 794 4082 ἰλὺς
810 4024 889 4075 irriso

378 4101 890 4174 pseu,sutmtpewutetuttut’aulo

379 4196 438 4255 post
449 4199 479 4235 ex
492 4180 564 4234 MSS.
576 4178 644 4241 fide,
658 4185 791 4249 omniaque
799 4186 831 4233 ob
840 4184 888 4232 imo

932 2918 1047 2987 κεστρέως
1065 2916 1172 2969 nomine
1192 2933 1253 2966 cum
1267 2913 1365 2966 caeteris
1383 2932 1446 2967 con·

932 2994 1041 3047 tinetur.
1058 2993 1190 3047 Ausonius
1211 2990 1337 3063 mugilem
1354 2996 1444 3061 cupito-

935 3092 989 3123 nem
1001 3085 1088 3125 vocat.
1100 3072 1134 3124 ll.
1145 3102 1181 3111 -
1192 3074 1323 3139 Mugilum.
1335 3072 1446 3143 Mugllcs

932 3151 1057 3222 intelligit
1082 3150 1198 3210 Linurei,
1216 3150 1296 3219 vulgo
1316 3170 1397 3217 mriges
1420 3162 1444 3203 et

932 3236 1030 3291 mistas,
1042 3246 1154 3302 quorum
1171 3246 1224 3281 nou
1241 3245 1320 3280 uuam
1332 3228 1444 3299 speciem

933 3322 1051 3362 nostrum
1063 3308 1245 3372 morehshe13
1260 3306 1306 3360 sed
1319 3306 1352 3360 de
1364 3307 1444 3359 niori-

933 3388 1000 3451 lms,
1021 3406 1054 3441 sn
1080 3390 1145 3441 tales
1172 3388 1224 3440 sint
1250 3387 1340 3461 quales
1360 3386 1444 3439 Plinio

933 3479 1088 3527 narrantur,
1113 3464 1233 3519 nondum
1261 3467 1286 3517 in
1309 3478 1444 3537 comperto

934 3548 1109 3601 estCuvun.

972 3646 995 3679 a.
1006 3628 1096 3676 lisdem
1107 3622 1245 3677 tamen.Sic
1257 3622 1361 3675 Aristot.
1377 3622 1443 3675 ttiu.

935 3706 1021 3758 Anim.
1032 3704 1121 3765 llb.V‚
1134 3722 1192 3775 cop.
1205 3709 1237 3765 4,
1251 3720 1311 3772 pag.
1326 3702 1386 3765 531,
1399 3703 1444 3755 ubi
1496 3748 1505 3762 ,

934 3804 981 3836 rur
995 3784 1081 3837 coitus
1098 3795 1218 3855 ternpore
1236 3782 1339 3835 lensinae
1358 3799 1444 3835 mares

934 3874 1090 3935 sequuntur,
1102 3873 1245 3933 contraque
1257 3878 1347 3939 rursus
1359 3878 1444 3913 suares

933 3955 1148 4015 partustemporc
1159 3941 1278 4002 sentinas,
1289 3940 1443 4010 espIIcstur.

934 4020 1039 4073 Habent
1060 4019 1154 4073 eadem
1183 4019 1320 4083 AElisnus,
1342 4018 1441 4072 llistor.

933 4102 1023 4153 AnIm.
1036 4100 1082 4152 lib.
1097 4100 1150 4161 xl,
1166 4118 1225 4170 cap.
1243 4098 1293 4159 36,
1307 4109 1331 4150 et
1344 4099 1442 4173 Oppia·

932 4200 1000 4242 nus,
1014 4180 1129 4235 llalieut.
1140 4179 1183 4234 lib.
1200 4180 1247 4233 tv.
1261 4180 1352 4233 llsnu.
