3200 5159
350 535 425 607 382
611 536 651 604 C.
679 533 853 603 PLINII
879 535 989 602 NAT.
1018 537 1148 606 llIST.

347 668 514 764 precipua
534 665 729 754 admiratio,
752 665 830 736 solis
851 689 893 736 ex
915 691 956 736 eo
977 693 1098 763 genere
1118 668 1291 738 hominum
1313 693 1414 742 causa

347 776 476 870 genitis.
496 771 595 842 Mella
619 772 837 859 contrahunt,
855 797 1057 869 succumque
1074 773 1300 845 dulcissimum
1316 791 1415 872 atque

348 880 612 966 subtilissimum,
628 903 667 949 ac
687 878 950 949 saluberrimum.
972 883 1078 951 Favos
1094 881 1292 977 confingunt
1310 898 1344 952 et
1361 909 1415 954 ce·

348 1013 421 1068 ras,
443 987 532 1056 mille
548 987 592 1055 ad
608 1010 686 1056 usus
704 988 780 1056 vitae
802 1011 811 1053 τ
833 984 980 1055 laborem
1004 986 1146 1057 tolerant
1158 987 1181 1075 ¹,
1196 1013 1298 1084 opera
1316 989 1416 1060 conli-

348 1097 460 1188 ciunt,
482 1093 720 1187 rempublicam
746 1092 888 1180 habent,
906 1092 1040 1162 consilia
1062 1096 1236 1188 privatim,
1255 1119 1294 1166 ac
1313 1095 1415 1165 duces

348 1202 534 1296 gregatim
563 1213 598 1268 et
624 1199 714 1293 quod
741 1184 891 1267 maxime
910 1201 1031 1268 mirum
1064 1201 1122 1284 sit,
1148 1225 1258 1270 mores
1278 1201 1413 1272 habent.

314 1311 530 1394 aPraeterea,
566 1330 669 1399 quum
695 1307 762 1374 sint
785 1329 893 1398 neque
923 1307 1084 1374 mansueti
1115 1306 1272 1400 generis²‚
1307 1329 1413 1403 neque

349 1413 430 1497 feri,
449 1428 560 1481 tamen
575 1426 668 1480 tanta
686 1426 738 1480 est
755 1412 883 1481 Natura
902 1434 1030 1498 rerum,
1052 1427 1090 1482 ut
1102 1399 1223 1508 prope³
1240 1439 1280 1482 ex
1295 1416 1414 1484 umbra

347 1521 475 1588 minimi
492 1517 663 1601 animalis,
681 1516 939 1611 incomparabile
959 1518 1107 1588 effecerit
1126 1517 1294 1614 quiddam.
1318 1523 1413 1611 Quos

348 1625 504 1694 efficacia
528 1623 760 1717 industriaeque
787 1638 887 1693 tantae
907 1649 1138 1720 comparemus
1164 1625 1311 1696 nervos?
1332 1651 1414 1722 quas

347 1729 459 1800 vires?
478 1755 562 1825 quos
583 1731 702 1799 rationi
722 1729 847 1799 medius
869 1729 966 1800 fidius
989 1731 1104 1800 viros?
1121 1731 1188 1818 hoc
1213 1747 1303 1802 certe
1327 1759 1429 1828 prse-

347 1837 582 1920 stantioribus,
613 1860 680 1930 quo
696 1834 780 1905 nihil
798 1859 937 1924 novere,
959 1839 1023 1907 nisi
1041 1825 1248 1908 commune⁴.
1271 1843 1348 1910 Non
1372 1842 1414 1910 sit

385 2004 435 2056 IV.
452 2019 476 2054 r.
492 2002 572 2053 Feros
584 1999 724 2070 confingunt
734 2013 758 2051 et
775 2021 858 2067 ceras,
902 2001 940 2052 vit
953 2001 1083 2054 Paulnsin
1095 2003 1112 2056 l.
1123 2003 1150 2056 Si
1163 2022 1231 2075 apes.
1244 2005 1272 2056 l's.
1285 2003 1318 2058 de
1328 2005 1414 2058 furtis.

346 2083 454 2134 millecd
467 2101 521 2133 usus
534 2080 727 2134 eumaem
737 2083 857 2144 tolerunt,
902 2081 1187 2154 Magius,lib.1,cap.
1212 2083 1238 2136 3.
1260 2086 1416 2138 Dine.-

346 2162 390 2214 Sic
407 2164 470 2233 Reg.
484 2161 601 2227 ²,Paris
612 2159 782 2213 etehitflm
793 2161 858 2230 neg.
902 2161 986 2232 Neque
998 2163 1057 2229 seri.
1077 2163 1114 2216 Ea
1128 2162 1205 2216 dere
1219 2162 1350 2229 diximus,
1365 2164 1414 2218 lib.

351 2259 379 2308 r,
393 2253 418 2293 et
429 2240 605 2304 coenrasinile,
618 2239 753 2292 mendose.
770 2239 857 2303 Editi,
902 2240 985 2304 vlu,
1008 2243 1095 2312 capite
1110 2245 1155 2296 82.
1171 2243 1262 2296 Hisn.
1277 2244 1414 2315 —Apum

347 2333 372 2374 ee
390 2341 465 2373 ceras.
489 2321 543 2373 111ae
560 2321 595 2370 ad
607 2339 676 2383 usas,
690 2317 762 2371 baud
777 2320 859 2390 paulo
902 2319 996 2390 agendi
1007 2322 1074 2373 ratio
1081 2319 1238 2375 describitur
1249 2321 1415 2394 eloquentius

346 2399 506 2471 corruptius.
519 2400 608 2453 Hsnn.
617 2431 657 2443 -
665 2399 736 2452 Mille
750 2401 785 2451 ad
794 2419 858 2450 suro.
901 2417 980 2472 quam
990 2400 1283 2455 seriusveteresenim.
1291 2402 1355 2456 dum
1367 2419 1417 2474 per

345 2480 458 2533 Interim
473 2480 537 2533 huic
558 2479 685 2532 Pliniana·
709 2477 744 2532 de
763 2478 859 2550 apibus
903 2497 1015 2532 corneos
1031 2481 1118 2534 alveos
1132 2482 1175 2534 vix
1192 2482 1340 2551 adspiciunt
1356 2500 1415 2556 qao

345 2559 534 2633 disputationi,
555 2561 576 2612 si
596 2559 655 2631 quie
672 2558 791 2629 gallicam
805 2557 859 2610 dis·
902 2559 972 2613 intus
984 2573 1125 2632 geruntur,
1146 2562 1235 2614 necin
1250 2561 1415 2616 observando

345 2641 513 2694 sanationem
527 2642 560 2693 D.
570 2637 682 2693 blisaldi
696 2639 860 2710 adjunxerit,
902 2638 1031 2712 improbe
1038 2641 1190 2711 pertinacia
1196 2642 1341 2711 suntplura
1348 2641 1417 2695 omi·

345 2721 495 2793 quaestio
516 2720 627 2773 historia
648 2716 797 2771 Academia
812 2719 861 2770 lle·
903 2737 959 2771 sere
971 2737 978 2771 :
990 2737 1022 2770 eo
1045 2720 1122 2773 citius
1135 2720 1276 2773 excusandi
1289 2720 1360 2792 quod
1374 2741 1417 2776 re·

343 2801 393 2872 gin
406 2798 599 2863 scientiarum,
609 2799 676 2851 anni
692 2815 762 2869 ¹7¹²
772 2837 779 2862 ,
791 2816 806 2849 a
818 2815 861 2869 pa·
903 2799 1049 2852 cantiorum
1057 2800 1182 2870 patientia
1192 2819 1246 2853 non
1256 2814 1318 2853 ante
1327 2815 1415 2855 nostra

345 2880 407 2951 gina
426 2898 481 2949 ²99
494 2878 527 2931 ad
540 2898 598 2950 pag.
616 2876 692 2941 335,
714 2878 860 2948 plurimum
902 2889 1024 2948 tempore
1048 2897 1080 2931 eo
1100 2878 1246 2943 devenerit,
1261 2899 1314 2951 quo
1335 2881 1416 2934 adse·

345 2978 378 3012 ex
396 2977 426 3012 ea
445 2959 561 3012 lectione
582 2956 739 3010 eruditionis
754 2957 860 3026 colliget
903 2969 958 3010 ctos
985 2970 1012 3011 et
1040 2957 1185 3028 gaudemus
1207 2971 1234 3012 et
1260 2961 1414 3030 gloriamur.

345 3049 373 3092 et
386 3038 539 3110 voluptatis.
557 3038 697 3090 Hisn-
710 3036 860 3089 ‹Nonsor
903 3037 971 3090 Nam
993 3037 1034 3091 bis
1055 3057 1114 3110 qun
1139 3039 1282 3092 Rusones
1302 3042 1415 3094 certiora

344 3117 424 3172 didus
435 3129 528 3171 auctor
540 3115 785 3187 Naturaeveriqoe·
804 3116 860 3168 Ma·
903 3116 1063 3170 ieceratnon
1077 3135 1159 3189 panca
1169 3119 1305 3172 &arsicia
1317 3132 1343 3173 et
1354 3121 1414 3174 llo·

346 3198 424 3253 caldi.
440 3197 492 3252 Sed
512 3209 619 3270 prostat
640 3197 741 3260 multo,
760 3208 792 3249 ut
810 3212 861 3265 par
903 3213 974 3249 nass·
986 3194 1158 3250 addiderunt.
1173 3198 1291 3252 Curres.

346 3291 403 3344 est,
417 3278 596 3330 recentiorum
615 3276 753 3346 improbus
767 3275 859 3341 labar,
945 3275 970 3329 3.
990 3277 1025 3328 Ut
1031 3297 1107 3348 prope
1121 3298 1151 3330 ee
1164 3277 1255 3330 ambra.
1266 3280 1298 3330 ln
1312 3279 1418 3332 umbra·

346 3377 461 3430 quoram
480 3357 616 3428 principes
631 3356 763 3420 Hnsass,
782 3355 860 3408 loss·
903 3351 957 3420 tili,
973 3367 1002 3408 ut
1011 3356 1046 3408 ita
1060 3354 1162 3423 dicam,
1175 3357 1297 3422 animali,
1312 3375 1417 3412 sumnia

346 3455 435 3504 ann,
449 3449 498 3490 etc.
515 3461 527 3482 ι
543 3435 592 3488 Aa.
902 3432 1416 3505 quedamindustaiae,solertiae,ririum

389 3537 415 3570 a.
426 3517 506 3585 (ieron
516 3518 565 3567 sint
575 3533 648 3587 neque
656 3533 687 3567 m.
697 3517 800 3584 generis,
810 3527 858 3568 etc.
902 3529 1057 3586 argumenta
1063 3529 1142 3590 atque
1149 3515 1245 3569 indicia
1251 3531 1345 3570 natura
1351 3537 1417 3572 oon·

347 3597 423 3650 stunc
436 3595 469 3649 de
483 3613 562 3667 apum
580 3595 633 3647 iera
646 3606 739 3646 natura
751 3594 860 3666 opinio·
903 3594 989 3647 clusit.
999 3594 1089 3649 Hero.

346 3695 408 3730 nem
420 3676 501 3729 babet
518 3674 616 3727 Justin.
633 3674 660 3725 in
675 3673 760 3726 lnstit.
773 3676 815 3728 tit.
826 3673 860 3727 de
945 3680 971 3738 4.
986 3676 1043 3728 Nisi
1056 3695 1184 3727 commuue.
1194 3673 1290 3729 Omnia
1305 3676 1333 3730 in
1345 3695 1417 3729 com·

346 3758 409 3809 Iler.
419 3754 497 3809 diris.
509 3766 536 3807 et
548 3754 627 3808 Caius
637 3753 760 3819 lib.v,lt.
773 3753 809 3807 de
819 3773 860 3807 ac·
903 3771 983 3806 mune
994 3755 1137 3808 conferunt
1150 3755 1418 3827 consuluntque.Vir·

346 3833 479 3908 quirendo
494 3836 555 3887 ser.
571 3831 645 3886 dom.
668 3833 769 3885 Auctor
789 3845 861 3903 post·
903 3833 992 3904 gilius,
1000 3834 1123 3906 Georgic.
1135 3834 1183 3888 lib.
1196 3835 1246 3902 IV,
1259 3853 1325 3888 vers.
1341 3835 1415 3889 153:

345 3917 440 3981 bac,c.
452 3915 501 3979 18,
511 3933 555 3968 eas
563 3911 703 3984 distinguit
712 3912 740 3965 in
750 3914 860 3966 rusticas
907 3939 919 3960 ι
928 3914 996 3967 Sole
1016 3933 1168 3967 communes
1183 3927 1270 3980 natos,
1285 3915 1417 3968 consortia

345 3996 401 4049 sive
412 3995 542 4049 silvestres
554 4007 581 4046 et
592 3994 721 4046 urbanas:
731 3991 860 4065 vespesin
904 4005 972 4047 tecta
987 3994 1069 4046 Urbis
1083 3994 1195 4059 habent,
1204 3995 1358 4067 magnisque
1366 3994 1420 4066 agi·

346 4077 414 4129 ieras
426 4087 452 4129 et
467 4076 575 4130 cicures.
596 4070 750 4126 Aristoteles
763 4091 807 4126 sex
821 4092 862 4126 ea·
905 4083 960 4126 tant
973 4073 1022 4126 sub
1033 4074 1135 4144 legibus
1149 4092 1247 4137 evum,
1260 4077 1295 4128 Et
1305 4077 1416 4147 patriam

345 4174 406 4208 rom
415 4175 509 4226 gessere
521 4165 648 4207 recenset.
658 4153 727 4223 Apes
738 4152 806 4206 ieras
814 4169 862 4206 no·
904 4153 980 4220 solae,
993 4166 1019 4207 et
1032 4167 1222 4208 certosnorere
1233 4168 1346 4224 ρωποι.
1360 4181 1371 4202 ι
1382 4155 1417 4207 Et
