3200 5159
404 537 480 634 276
662 540 703 609 c.
731 538 906 611 rotun
933 535 1044 610 nar.
1072 523 1204 607 nrs'r.

401 672 486 740 sicut
499 661 651 740 homines
664 685 831 765 repertor,
842 673 898 766 qui
914 685 1033 740 sonum
1044 692 1175 756 aarum,
1188 668 1300 739 addita
1313 671 1349 740 in
1360 671 1468 742 trans2

400 799 512 846 versas
527 772 705 847 aru'adines
727 799 829 872 aqua,
844 778 994 847 foramen
1011 777 1229 871 inspirantes,
1249 765 1468 872 iinguaeque¹⁵

401 905 504 978 parvo
523 881 632 978 aliqua
651 885 807 979 opposita
825 906 937 972 mora,
956 883 1131 952 indiscreta
1154 880 1331 952 redderent
1350 883 1467 954 simili-

367 999 383 1058 t
402 989 525 1058 tudine.
549 987 615 1058 Sed
633 998 794 1059 enitantur
812 1004 947 1085 tamque
964 988 1107 1058 artifices
1127 990 1264 1082 argutia
1283 1013 1303 1057 a
1323 991 1467 1084 quinde-

401 1097 466 1164 cim
488 1094 603 1164 diebus
620 1095 778 1191 paulatim
798 1096 972 1183 desinunt,
989 1118 1053 1164 nec
1067 1109 1106 1163 ut
1121 1093 1272 1188 fatigatas
1291 1096 1397 1190 possis
1414 1095 1467 1165 di·

401 1225 496 1288 cere,
510 1215 569 1270 nut
580 1203 722 1272 satiatas.
741 1204 824 1270 Mox
841 1217 923 1272 aestu
931 1187 955 1226 ¹⁶
966 1215 1064 1271 aucto
1082 1199 1116 1269 in
1134 1213 1240 1270 totum
1254 1199 1318 1270 alia
1328 1226 1395 1270 vox
1408 1201 1467 1286 fit,

400 1331 463 1376 nec
483 1306 667 1388 modulata,
689 1321 747 1377 aut
764 1309 867 1377 varia.
893 1309 1046 1378 Mutatur
1065 1322 1100 1376 et
1121 1305 1225 1376 color.
1256 1308 1430 1377 Postremo
1440 1307 1466 1346 ¹⁷

401 1414 508 1484 hieme
525 1416 596 1508 ipsa
614 1437 683 1484 non
702 1415 859 1484 comitur.
880 1415 1019 1508 Linguis
1035 1437 1149 1482 earum
1164 1413 1306 1482 tenuitas
1323 1411 1379 1482 itta
1396 1415 1465 1509 pri·

399 1543 453 1589 ma
467 1535 610 1608 nonest,
623 1542 697 1615 quae
707 1521 833 1590 caeteris
845 1520 971 1589 avibus.
984 1521 1120 1588 Pariunt
1128 1504 1233 1587 veru¹⁸
1242 1520 1351 1614 primo
1360 1538 1465 1614 quum

395 1625 576 1719 plurimum
602 1649 681 1696 sena
693 1635 766 1696 ova.

364 1758 375 1793 ι
399 1771 402 1778 -
450 1735 574 1804 XLIV.
592 1731 665 1802 Alia
684 1734 768 1802 ratio
782 1723 948 1822 ficedulis*
965 1757 974 1800 τ
993 1756 1070 1802 nam
1093 1732 1235 1803 formam
1257 1730 1354 1804 aimul
1369 1731 1463 1803 colo·

394 1925 802 1980 librasuntomninosexoentoe.
813 1918 905 1977 flauo.
950 1922 1066 1988 tribuas,
1083 1942 1146 1983 rara
1164 1922 1269 1976 locutus
1289 1923 1380 1977 sooria
1404 1923 1466 1976 Ari·

395 2003 908 2067 -Saeeretusmstotconeummno-
950 2003 1054 2056 stotclcs
1079 2001 1114 2057 dc
1136 2001 1280 2067 ficedulis,
1311 2003 1382 2056 libro
1401 2003 1461 2066 1x.

398 2095 511 2138 stratum
523 2082 628 2136 circiter
640 2100 712 2152 ¹²²7
724 2083 757 2136 fr.
771 2083 826 2135 En.
949 2098 1008 2151 cap.
1027 2087 1062 2151 49
1077 2101 1086 2136 ε
1105 2107 1117 2129 ι
1128 2083 1172 2135 Sic
1184 2094 1213 2134 ct
1227 2079 1348 2135 ficedula
1362 2083 1464 2136 melsu-

441 2169 486 2217 15.
502 2164 658 2233 Linguoeque.
671 2162 704 2213 In
719 2162 761 2214 hia
770 2159 909 2214 arundini·
950 2161 1065 2232 coryphi
1080 2161 1183 2214 vicibus
1195 2174 1417 2215 commutantur:
1432 2161 1464 2215 iit

397 2243 449 2298 hus
459 2259 490 2296 ex
502 2255 558 2297 arte
567 2241 670 2306 incisis,
681 2239 748 2312 quid
756 2241 849 2311 lingua
860 2257 907 2293 sen
950 2239 1025 2293 enim
1045 2240 1155 2294 inauutc
1179 2251 1307 2293 autumno
1328 2240 1462 2304 ficedula,

398 2323 467 2394 ligur
484 2317 531 2387 sit,
548 2321 703 2374 tralatitium
721 2333 767 2374 est.
785 2320 907 2383 Nostris,
950 2319 985 2371 ab
1003 2332 1133 2373 autumno
1155 2319 1278 2390 protinus
1297 2319 1463 2392 melancory-

374 2385 424 2454 ‘ia
440 2404 570 2474 languetis.
583 2402 674 2470 Hanu.
772 2470 774 2474 v
950 2397 1041 2469 pirus:
1057 2415 1107 2453 nec
1116 2399 1243 2452 intercus
1256 2394 1399 2452 discrimen
1414 2399 1462 2452 ali-

443 2483 559 2536 16.Mor
572 2493 642 2533 natu.
655 2477 791 2533 Ariitotcl·
800 2479 852 2532 loc.
860 2479 909 2533 cit.
950 2477 1024 2548 qnod
1033 2479 1084 2532 nisi
1090 2478 1187 2532 coloris
1197 2477 1305 2532 atrocis
1312 2493 1363 2532 cst.
1373 2479 1461 2532 Aram

399 2581 459 2638 pag.
477 2564 550 2618 1168
569 2577 576 2613 τ
594 2585 606 2607 ι
617 2561 715 2612 AEatate
733 2557 909 2630 procedente,
950 2568 1112 2623 autamessc
1124 2547 1245 2611 eamdem
1261 2570 1379 2622 coartat,
1397 2559 1461 2629 quia

399 2639 498 2713 iuquit,
521 2637 599 2695 aliam
618 2637 700 2692 mittit
717 2654 810 2692 vocem
828 2657 835 2689 ι
854 2657 909 2690 uon
950 2633 1017 2688 dum
1050 2637 1236 2690 immutaretur
1268 2637 1320 2690 hoc
1353 2656 1460 2708 genus,

400 2721 512 2793 amplius
525 2715 725 2781 omnimodam,
739 2735 828 2788 neque
840 2717 909 2770 cole·
951 2729 1095 2786 utrumque
1109 2729 1280 2788 conspectum
1290 2729 1329 2769 cst
1339 2715 1462 2769 nondum

400 2819 474 2864 rem,
486 2799 573 2871 neque
583 2802 747 2860 contentam,
757 2793 910 2868 sed'iimpli·
951 2795 1070 2848 absolute
1082 2807 1227 2860 mutatum,
1237 2813 1287 2848 nec
1302 2796 1461 2850 alterutrum

399 2898 482 2935 cem:
502 2880 619 2932 colorem
638 2893 745 2948 quoque
765 2875 847 2928 alium
867 2875 909 2928 in·
951 2873 1040 2928 adhuc
1051 2874 1192 2945 proprium
1206 2875 1293 2927 ulium
1303 2877 1461 2946 appellatio·

400 2959 488 3014 duit.-
502 2955 770 3011 AElian.11ist.nnim.
780 2955 828 3009 lib.
842 2953 910 3020 m,
950 2954 1002 3008 nis.
1015 2980 1027 3002 ι
1047 2955 1097 3007 flia
1111 2955 1199 3008 verbis
1217 2954 1389 3020 Aristoteles,
1403 2975 1460 3008 non

399 3059 459 3111 cap.
479 3041 524 3094 st.
539 3039 630 3090 Haru.
950 3034 1064 3086 formam
1081 3046 1185 3086 mutarc
1200 3032 1342 3087 ficedulam
1358 3033 1460 3100 tradit,

443 3135 487 3188 17.
496 3118 630 3171 Postumo.
641 3114 774 3168 Aristotel.
785 3125 843 3166 tum
855 3114 908 3167 loc·
950 3111 998 3167 scd
1013 3132 1107 3167 vocem
1121 3126 1148 3165 et
1164 3114 1290 3167 colorem.
1312 3113 1460 3168 Videamus

400 3198 446 3253 cit.
458 3211 515 3251 tum
528 3197 607 3250 ctiam
622 3195 670 3248 lib.
679 3195 715 3259 V,
728 3211 786 3264 cap.
802 3211 836 3262 9,
847 3211 908 3265 pag.
949 3208 1043 3246 rursus
1056 3190 1167 3264 quidde
1180 3211 1272 3266 upupa
1282 3192 1354 3246 idem
1365 3207 1460 3248 auctor

401 3277 467 3344 541.
482 3277 573 3330 Hanc.
950 3271 1115 3325 eodcmloco
1126 3272 1244 3327 scribat:
1258 3273 1337 3327 «Nec
1347 3275 1461 3337 nomin·

442 3359 485 3411 18.
497 3357 601 3409 Parirmt
611 3373 676 3407 uem.
689 3351 821 3406 Aristotel.
836 3351 904 3406 Hist.
949 3352 1017 3423 quit,
1025 3369 1114 3424 upupa
1122 3369 1208 3421 quum
1216 3353 1383 3416 coinre‚tum
1392 3371 1459 3406 vero

399 3436 517 3494 Animal.
537 3454 597 3507 cap·
612 3452 646 3502 9,
665 3451 725 3505 pag.
743 3431 914 3502 tamtum
948 3431 1037 3502 specio
1074 3432 1238 3485 immutatur.
1257 3456 1269 3478 ι
1305 3431 1341 3483 Et
1372 3433 1460 3502 capita

398 3517 548 3587 aipxcpiucu,
563 3513 659 3567 astatis
667 3511 756 3565 initio.
768 3511 859 3564 Haan.
947 3509 1149 3581 quintodecimo
1164 3509 1282 3582 ejusdcm
1294 3511 1439 3563 voluminis
1450 3531 1459 3563 r

437 3595 536 3649 XLIV.
561 3611 587 3646 1.
608 3591 747 3644 Alsoratio
762 3589 906 3660 fioedulis:
951 3592 1075 3661 sUpupa
1085 3590 1180 3643 nidum
1190 3589 1460 3661 potissimumcster·

308 3737 313 3745 ,
397 3695 453 3728 uum
472 3677 578 3744 firmam
602 3671 691 3736 sinui,
714 3681 765 3724 etc.
798 3670 907 3741 Priapo·
948 3688 1010 3723 corc
1023 3669 1138 3723 hominis
1157 3669 1227 3722 iacit.
1242 3669 1329 3721 Mutat
1342 3669 1459 3723 formam

395 3767 465 3812 atara
477 3753 570 3818 rerba,
583 3761 740 3822 permutata
755 3750 906 3814 'sententia
947 3761 1068 3820 tempora
1082 3749 1177 3803 :suus
1193 3761 1221 3803 et
1233 3747 1338 3802 hiemis.
1351 3773 1363 3794 ι
1380 3749 1461 3802 Patet

395 3835 485 3888 omnia
496 3830 816 3903 trmspositactcouiusa.
825 3828 905 3895 Quod
948 3847 1011 3900 erpo
1023 3846 1058 3880 ex
1072 3828 1224 3893 antedictis,
1243 3826 1370 3881 ficedulas
1382 3830 1459 3882 colo·

393 3931 546 3988 upupa-um
567 3923 606 3964 cst
619 3907 739 3964 ficedulis
758 3908 904 3962 tribuitur:
947 3920 1115 3960 rcmtantum
1125 3921 1254 3961 atrocem
1262 3919 1375 3971 mutare,
1386 3927 1459 3979 upu-

393 3993 466 4066 quod
481 3991 676 4056 ficedulam,
696 3989 802 4060 upupis.
817 3988 904 4059 Quip-
947 4005 995 4058 pas
1004 4000 1032 4040 ct
1044 3987 1162 4040 ociorem
1177 4000 1204 4040 ct
1216 3988 1338 4046 formam.
1352 3988 1381 4040 Si
1392 4006 1459 4058 crgo

392 4089 428 4143 pe
452 4071 577 4127 ficedulas
601 4070 713 4123 formam
742 4081 857 4131 mutare,
886 4085 902 4121 a
946 4068 1042 4131 acrba,
1055 4084 1115 4136 quas
1129 4065 1458 4120 deiicedularumiorma

391 4172 456 4207 sero
473 4153 590 4206 alienum
609 4161 672 4203 cst:
692 4147 745 4204 hoo
762 4149 784 4202 si
803 4146 903 4220 upupis
946 4160 973 4201 et
985 4146 1081 4201 coloris
1093 4145 1457 4213 mutationchicbnbentur,
