3200 5159
626 499 781 566 ainau
807 497 849 562 x.
881 506 884 514 ·
1198 495 1268 592 359

197 626 355 720 origani9,
383 641 441 695 aut
461 624 579 711 calcis,
597 642 656 697 aut
670 627 837 724 sulphuris
852 626 998 696 formicae
1012 643 1182 696 necantur.
1199 633 1266 698 Cu·

197 730 276 801 lices
295 733 389 802 acida
409 748 549 828 petunt:
573 733 617 803 ad
627 733 736 804 dulcia
748 759 817 802 non
831 731 997 802 advolant.
1011 726 1132 822 (ιω.)
1144 737 1267 805 Tactus

197 837 346 908 sensus¹⁰
360 839 514 908 omuibus
532 855 598 924 est,
614 843 710 909 etiam
727 840 848 934 quibus
863 838 974 909 nullus
996 838 1078 909 alius
1102 863 1109 905 :
1134 863 1211 910 nam
1234 855 1268 911 et

197 945 334 1031 ostreis3
346 959 381 1014 et
398 947 621 1035 terrestrium,
637 946 806 1016 vermibus
826 968 967 1040 qnoque.

250 1052 343 1120 XCI.
362 1053 630 1123 Existimaverim
644 1053 799 1122 omnibus
815 1075 948 1124 sensum
965 1064 999 1121 et
1011 1065 1161 1147 gustatus
1175 1077 1264 1122 esse:
1287 1091 1299 1126 ι

198 1177 260 1224 cur
279 1158 366 1226 enim
383 1155 464 1227 alios
477 1156 541 1227 alia
555 1183 690 1255 sapores
703 1173 861 1254 appetant
874 1156 935 1227 lin
949 1183 1016 1252 quo
1029 1157 1082 1227 vel
1099 1161 1267 1254 praecipua

197 1264 336 1331 Naturae
370 1263 560 1334 architecta
580 1263 659 1334 ris¹.
675 1263 748 1333 Alia
769 1264 923 1334 dentibus
954 1263 1173 1359 praedantur,
1202 1265 1265 1334 alia

198 1367 383 1462 unguibus,
403 1367 468 1439 alia
485 1373 585 1440 rostri
606 1371 795 1440 aduncitate
815 1385 982 1466 carpunt,
1008 1369 1070 1440 alia
1093 1369 1266 1442 latitudine

197 1469 405 1558 runnt²,'‘alia
420 1479 573 1548 acumine
585 1491 764 1564 excavant,
784 1476 846 1545 alia
865 1491 1006 1571 sugunt,
1018 1474 1082 1546 alia
1097 1475 1260 1580 lambunt,

197 1580 353 1662 sorbent,
365 1582 543 1670 mandunt,
561 1598 689 1654 vorant.
704 1581 776 1653 Nec
794 1585 905 1652 minor
923 1583 1064 1652 varietas
1084 1583 1118 1650 in
1140 1582 1263 1676 pedum

167 1687 402 1771 ¹ministerio,
433 1703 471 1757 ut
503 1690 653 1785 rapiant,
674 1687 880 1776 distrahant,
907 1702 1060 1773 teneant,
1091 1704 1264 1782 premant,

196 1778 396 1884 pendeant²,
417 1793 567 1865 tellurem
586 1795 721 1864 scabere
741 1819 810 1864 non
831 1808 971 1864 cessent.

249 1893 658 1986 XCll.(nxx11.)Vencnis
673 1897 834 1995 capreae¹,
852 1915 885 1970 et
900 1899 1085 1970 coturnices
1102 1892 1160 1985 (ut
1177 1900 1263 1968 dixi·
1284 1935 1296 1970 t

196 1997 320 2092 mus²)
342 2006 582 2100 pinguescunt,
602 2005 821 2103 placidissima
843 2004 996 2076 animalia
1018 2019 1078 2074 :at
1095 2020 1264 2099 serpentes

197 2111 288 2194 oris,
304 2112 483 2205 spectanda
496 2113 628 2206 quidem
648 2113 831 2182 draconum
849 2128 920 2182 arte
942 2139 950 2181 ε
971 2127 1029 2181 aut
1051 2113 1138 2180 euim
1159 2111 1263 2182 solida

196 2203 389 2301 hauriunt³,
408 2219 519 2312 sijum
543 2219 655 2288 fauces
675 2221 829 2313 capiunt,
852 2244 924 2312 quae
952 2217 1071 2286 deiude
1100 2220 1134 2288 in
1159 2233 1262 2287 semet

196 2322 367 2392 convoluti
381 2324 540 2419 frangunt
558 2327 666 2410 intus,
679 2339 779 2418 atque
798 2327 844 2393 ita
858 2325 1028 2419 putamina
1042 2312 1261 2410 extussiuutl,

195 2442 255 2507 ant
274 2429 302 2496 si
321 2432 467 2500 tenerior
493 2446 543 2500 est
562 2429 678 2500 catulis
700 2430 811 2500 adhuc
829 2445 925 2516 atas,
950 2429 1031 2498 orbe
1056 2430 1264 2534 apprehensa

195 2535 310 2628 spirae;
333 2536 379 2605 ita
397 2538 519 2607 sensim
530 2537 808 2632 vehementerque
824 2537 1078 2633 praestringunt,
1093 2550 1129 2604 ut
1144 2560 1261 2630 ampu-

236 2695 263 2748 9.
287 2680 410 2750 Ou'gum‘,
427 2694 477 2734 etc.
499 2681 611 2754 Reliqua
624 2682 706 2734 babet
789 2682 877 2735 XCII.
893 2699 917 2735 r.
936 2681 1039 2734 Verrem
1051 2699 1152 2751 caprae.
1171 2681 1211 2733 De
1222 2699 1264 2735 ca·

196 2772 224 2812 et
237 2759 319 2813 Arist.
329 2779 357 2829 p.
372 2759 437 2823 483.
452 2756 543 2815 Hono.
749 2761 820 2832 pris,
834 2761 989 2826 Lucretius,
1007 2761 1053 2814 lib.
1070 2761 1121 2825 lv,
1133 2779 1172 2812 vs.
1188 2764 1259 2823 642:

238 2855 281 2890 ro·
301 2839 391 2891 Tactus
403 2859 492 2894 sensus.
505 2840 583 2894 Cous.
597 2840 705 2894 aristot
751 2841 901 2894 -Praeterea
916 2842 994 2894 nobis
1003 2853 1136 2893 veratrum
1150 2850 1189 2892 est
1202 2857 1262 2893 acre

193 2917 433 2990 pag-ddd.llian.
749 2937 881 2972 venenum
908 2938 914 2971 :
937 2922 974 2973 At
991 2919 1077 2991 capris
1101 2916 1207 2989 adipes,
1236 2931 1261 2972 et

235 2996 306 3050 XCI.
329 3013 353 3050 t.
369 2996 515 3050 Auditectoe
533 3000 579 3049 uis.
594 2997 705 3066 Opificie
748 2997 930 3051 coturnicibus
946 3010 1032 3068 auget.
1049 3025 1061 3045 ι
1077 2998 1170 3050 Heau.

194 3086 295 3130 nature
310 3075 470 3130 solertium
477 3076 658 3147 rescripsimus
671 3093 705 3128 ex
790 3097 816 3130 a.
833 3077 868 3130 Ut
881 3078 992 3129 diximus.
1008 3077 1110 3147 Nempe
1124 3073 1158 3128 de
1173 3091 1262 3130 cotur-

180 3153 274 3235 ,msa
295 3155 360 3227 Reg.
389 3175 422 3220 r,
448 3175 478 3221 2,
503 3155 585 3209 Paris.
607 3155 703 3219 Prius,
750 3156 964 3228 uicibus,hnjus
975 3157 1038 3208 libri
1054 3173 1111 3227 cap.
1130 3155 1175 3208 33.
1192 3158 1226 3210 H.

194 3235 348 3299 architectis,
363 3235 484 3289 barbare.
496 3235 588 3289 lieno.
665 3242 673 3246 “
793 3237 820 3289 3.
831 3236 952 3288 Auteuim
961 3237 1039 3288 solida
1048 3237 1170 3287 Isauriam.
1181 3235 1260 3288 Sum-

237 3314 707 3380 adumaticumlatitudineernunt,
750 3331 828 3387 ptum
842 3335 923 3368 ovum
944 3333 1052 3386 serpens
1071 3313 1165 3367 iterum
1182 3327 1262 3387 atque
1314 3323 1316 3330 '

194 3391 314 3459 l'odiunt,
330 3406 362 3448 ut
377 3408 476 3458 mutes,
489 3407 516 3448 et
526 3414 541 3448 e
551 3393 706 3466 quadrupe·
750 3396 848 3449 iterum
862 3395 910 3448 eibi
930 3392 1067 3455 admovet,
1083 3393 1171 3464 quoad
1189 3415 1262 3448 sum·

194 3471 275 3527 dibus
282 3473 375 3526 limum
384 3493 540 3546 caenumque
549 3485 705 3530 rnnntsuee.
751 3493 822 3530 mam
830 3486 932 3546 partem
941 3487 1039 3529 rectam
1052 3485 1155 3538 statuat,
1167 3487 1193 3526 et
1203 3488 1261 3528 tum

196 3551 268 3607 Vide
280 3553 459 3626 lib.x1,eup.
476 3557 521 3606 60.
533 3554 625 3607 Hero.
749 3573 846 3627 parurn
861 3567 1025 3608 conuectum
1048 3573 1075 3606 se
1094 3553 1209 3625 colligit,
1232 3566 1262 3607 ut

237 3631 263 3684 3.
279 3631 414 3686 Pendeout.
426 3633 465 3687 Ut
473 3632 636 3705 galguli,de
649 3634 707 3705 qui·
750 3633 866 3686 distento
891 3649 1004 3705 corpore
1033 3633 1154 3686 haustum
1181 3653 1260 3686 ovum

194 3715 246 3766 bne
261 3730 318 3784 cap.
340 3712 388 3778 ⁵0,
407 3713 454 3785 qui
473 3712 588 3784 pedibus
606 3711 707 3784 depen-
750 3712 875 3766 deorsum
888 3713 1001 3768 labatur.
1012 3713 1145 3766 Aristotel.
1162 3712 1261 3765 llistor.

195 3791 289 3845 dentes
304 3810 399 3862 repere
417 3811 540 3846 somnum
560 3791 705 3847 dicuntur:
750 3794 797 3846 lib.
811 3792 968 3866 VIII,cap.
988 3793 1015 3847 3.
1027 3793 1095 3845 Plin.
1110 3791 1162 3844 boc
1175 3792 1260 3844 aliter.

195 3883 222 3924 et
234 3889 311 3941 apes,
329 3889 443 3943 querum
464 3889 575 3925 examen
592 3871 707 3944 pedibus
751 3873 852 3926 Dante.

194 3967 246 4021 per
263 3964 355 4004 mutua
373 3952 462 4017 nexis,
477 3969 551 4005 ramo
563 3950 707 4005 frondente
793 3959 820 4015 4.
845 3953 1001 4006 Eaetussiuut.
1026 3950 1067 4002 Ita
1085 3951 1149 4019 neg.
1183 3967 1208 4012 1,
1235 3969 1263 4015 a,

194 4027 312 4101 pendet,
334 4041 364 4083 nt
387 4033 464 4085 Mero
477 4031 573 4086 cecinit
580 4031 707 4098 ,AEneid
751 4031 829 4084 Colb.
852 4050 876 4098 1,
895 4050 920 4094 a,
937 4033 1019 4085 Paris.
1040 4027 1158 4083 chifflet.
1172 4027 1263 4082 Minus

194 4108 373 4176 tib.vt1,vs
392 4115 439 4165 66.
455 4111 548 4164 Hanc.
751 4110 853 4164 sincere
865 4110 946 4176 editi,
961 4113 1093 4165 excutiunt.
1104 4107 1195 4161 Hsun.
1289 4166 1295 4175 ¹

1081 4192 1147 4276 23⁴
