3200 5159
348 508 397 577 αθ
615 511 654 577 o.
684 509 859 578 numu
886 511 996 582 aar.
1026 509 1156 577 mse.
1255 486 1258 489 ’

348 642 441 737 gines
454 640 561 725 acuti,
582 664 727 735 superna
747 657 844 738 parte
860 643 1052 717 inferiorem
1075 640 1250 713 claudente
1267 642 1430 737 pyxidum

348 747 461 817 modo.
482 749 522 816 Iu
537 747 651 817 mari¹²
672 748 856 845 conchyliis
876 753 1014 836 vivunt,
1031 764 1124 820 tanta
1141 751 1209 820 oris
1227 750 1367 838 duritia,
1389 766 1429 820 ut

348 852 475 949 lapides
492 856 739 929 comminuant:
761 860 936 929 interram
959 883 1116 953 egressae,
1133 857 1257 926 herbis.
1288 859 1430 927 Pariunt

349 946 455 1049 ova¹³‚
476 964 591 1033 avium
608 965 680 1035 ovis
698 965 835 1055 similia,
848 965 891 1036 ad
903 979 1044 1036 centena
1060 990 1220 1034 numero:
1243 982 1348 1059 eaque
1368 965 1426 1034 de·

386 1208 428 1241 12.
447 1194 477 1241 ln
489 1192 561 1241 mari.
576 1190 655 1245 Arist.
668 1190 736 1244 Hist.
745 1191 862 1245 Animal.
909 1190 999 1245 ctione
1014 1190 1142 1263 deceptus
1158 1191 1340 1263 :gallinarum
1353 1190 1428 1245 enim

348 1268 394 1321 lib.
409 1269 564 1339 vt11‚cap.
584 1271 691 1341 3‚pag.
705 1271 775 1341 867:
792 1268 863 1323 alti
910 1272 968 1325 ovis
976 1283 1114 1343 comparat
1127 1290 1177 1326 ova
1190 1270 1355 1325 testudinum
1369 1290 1428 1323 ma·

347 1356 451 1416 χελῶναι
469 1350 495 1401 ai
511 1349 639 1401 θαλάττιαι
657 1350 690 1402 τά
704 1370 731 1403 τε
744 1351 864 1423 κογχύλια
909 1351 1051 1415 mnarum,
1070 1351 1225 1405 Aristotelea
1238 1351 1360 1425 praedict.
1377 1350 1425 1403 lib.

346 1431 472 1499 νέμονται,
487 1440 537 1481 etc.
552 1427 730 1501 Conchylium
741 1428 794 1482 hoc
803 1429 862 1482 loco
910 1442 937 1484 et
947 1450 1007 1503 cap.
1019 1432 1095 1484 ΡΜ.
1110 1462 1147 1473 -
1156 1436 1187 1483 In
1200 1444 1290 1483 terram
1299 1450 1427 1499 egressa,

346 1508 457 1575 Plinius,
468 1518 495 1563 et
505 1508 631 1563 aliusnon
640 1508 787 1581 semel,pro
796 1528 862 1581 quo-
909 1514 997 1563 tertis.
1021 1513 1128 1566 Pariunt
1147 1530 1210 1575 ova,
1228 1522 1278 1564 etc.
1294 1508 1428 1563 Codicum

346 1587 411 1641 libet
424 1588 534 1641 conchae
550 1607 647 1661 genere
664 1588 861 1655 universe,nec
909 1589 1066 1644 eorumdem
1092 1590 1265 1653 auctoritate,
1294 1600 1428 1661 corruptas

345 1685 395 1737 pro
422 1685 455 1721 eo
481 1668 569 1721 solum
597 1667 671 1740 quod
694 1688 861 1741 purpureum
908 1670 1029 1724 lectionis
1039 1668 1103 1725 vitia
1117 1670 1170 1723 hoc
1186 1669 1245 1722 loco
1257 1669 1426 1731 sanavimus,

345 1764 456 1800 succum
477 1765 508 1799 ex
528 1766 556 1800 se
578 1747 678 1811 fundit,
691 1748 801 1820 accepit.
818 1749 861 1803 Sic
908 1768 968 1821 quse
978 1761 1035 1802 erat
1046 1747 1230 1821 hujuscemodi
1242 1766 1249 1801 ε
1262 1750 1426 1803 «interram

346 1824 415 1882 infra
424 1823 458 1881 de
465 1827 584 1899 polypis,
593 1844 649 1899 cap.
657 1832 692 1891 46
702 1846 709 1881 ε
721 1830 862 1881 ινοοοιιη·
908 1828 1060 1898 egressam
1068 1826 1158 1880 herbis
1164 1826 1276 1899 pariunt
1284 1846 1345 1893 ova,
1354 1842 1426 1881 ete.-

346 1917 391 1957 tur
410 1906 610 1979 conchyliorum
630 1926 725 1971 carne,
743 1927 860 1979 quornm
909 1904 1018 1959 Accedit
1030 1904 1181 1959 Aristotelis
1194 1905 1269 1959 loeus
1282 1905 1312 1957 in
1327 1917 1426 1961 octavo

345 1985 479 2053 conchas,
502 1998 553 2039 etc.
564 2012 576 2031 ι·
597 1986 641 2039 Sic
661 1986 734 2058 apud
753 1986 860 2043 Graeoos
907 1983 977 2038 libro
999 1985 1033 2038 de
1051 1984 1120 2037 Hist.
1134 1984 1223 2037 Anim·
1238 2003 1299 2058 cap-
1315 1986 1425 2058 Μαι.

345 2067 485 2136 emittm,
507 2084 557 2136 pro
581 2066 656 2119 omui
683 2078 860 2122 testaceorum
907 2064 975 2134 867,
998 2063 1034 2117 ad
1060 2064 1174 2117 verbum
1198 2082 1272 2117 nunc
1296 2064 1426 2117 Pliniana

344 2162 449 2214 genere.
463 2144 542 2198 Unde
557 2145 629 2217 apud
645 2146 815 2215 Athenaeum,
826 2149 860 2201 li.
907 2144 1022 2197 orationi
1031 2144 1133 2197 similis.
1147 2147 1177 2198 Δὶ
1188 2142 1218 2195 di
1232 2152 1336 2211 χελῶναι
1345 2148 1372 2197 αἱ
1382 2150 1426 2197 θα-

344 2223 395 2275 bro
413 2224 479 2287 111,
507 2243 568 2299 pag.
592 2227 634 2281 85.
657 2226 857 2298 Epicharmus:
905 2222 1426 2296 λάττιαίτάτικογχύλιανέμονται·ἔχουσι

268 2286 273 2305 ’
345 2304 390 2375 dp
412 2302 612 2368 dissertationis
629 2308 763 2378 κῡγχὺλια,
786 2309 860 2363 ieet·
905 2303 954 2375 γὰρ
967 2302 1085 2375 timim
1101 2305 1249 2375 tquptapov
1263 2305 1369 2358 πάντων·
1390 2345 1424 2358 ··

343 2380 406 2446 dec,
420 2395 470 2437 etc.
487 2383 578 2437 Hine.
906 2383 949 2438 uel
964 2384 1057 2446 ἐξιοῦσα
1071 2386 1112 2443 τὸν
1126 2385 1189 2437 πόαν
1207 2386 1314 2456 ripaeos.
1330 2385 1423 2438 Hsnn.

381 2462 423 2520 13,
442 2469 473 2516 In
497 2479 587 2517 terram
606 2485 709 2534 egressae
731 2468 757 2517 in
779 2470 858 2520 herbis
905 2464 1024 2517 -Exiis
1037 2464 1424 2539 qusehicaitetquaesequun·

337 2546 443 2611 pariunt
464 2564 520 2597 ονα.
543 2545 633 2597 Verba
652 2544 697 2599 illa
717 2548 742 2597 in
760 2549 857 2612 tarbis,
902 2544 1125 2615 tuapturavera,
1133 2542 1424 2607 modoincubationem

341 2634 408 2695 puto
420 2642 475 2676 non
484 2642 541 2677 esse
554 2624 682 2677 Pliniana.
698 2626 858 2682 Plutarchus
902 2621 1034 2695 excipias,
1047 2644 1107 2697 quae
1120 2623 1196 2680 nulla
1204 2663 1212 2687 ,
1221 2635 1267 2677 aut
1279 2624 1335 2677 fere
1347 2623 1424 2677 nulla

341 2702 370 2754 iu
401 2703 488 2770 libro,
517 2704 585 2759 Utra
611 2705 781 2772 animalium,
807 2719 857 2763 etc.
901 2699 1007 2756 videtur
1021 2721 1086 2757 esse.
1099 2704 1133 2755 ln
1150 2702 1205 2756 hoe
1220 2702 1293 2757 enim
1309 2704 1423 2757 viatores

342 2781 433 2835 -parit
446 2782 536 2849 enim,
556 2783 595 2838 ait
615 2782 649 2840 de
667 2784 800 2840 testudine
819 2787 859 2840 lo·
901 2783 1062 2837 recentiores
1090 2796 1117 2839 et
1144 2784 1309 2837 naturalium
1330 2802 1422 2837 rerum

341 2880 552 2935 quens,egressa
560 2863 587 2917 iu
595 2864 759 2939 littusprope
768 2865 859 2939 ipsum
901 2861 1072 2937 indagatores
1080 2862 1235 2935 peritissimi
1243 2864 1422 2933 consentiunt,

341 2960 413 2995 mere
425 2980 433 3007 ,
450 2941 497 2997 sed
508 2962 592 3016 quum
602 2944 660 2999 ovis
668 2944 800 2999 'incubare
811 2965 858 2998 ne·
901 2942 1007 3001 destitui
1014 2965 1029 2997 a
1036 2943 1228 2999 testudineum
1236 2985 1244 3011 ,
1252 2944 1333 3000 simul
1341 2958 1422 3017 atque

341 3034 433 3099 quent,
446 3041 534 3097 neque
548 3024 576 3075 iu
588 3035 659 3079 terra
670 3023 857 3079 diutiuscom·
901 3022 973 3078 edita
987 3024 1096 3078 luerint.
1108 3024 1213 3096 Nempe
1222 3043 1351 3080 ereneus
1363 3027 1422 3097 pla·

340 3101 451 3165 morari,
462 3122 547 3159 arene
558 3103 659 3177 gremio
668 3122 719 3157 osa
729 3104 856 3174 mandat,
901 3122 948 3175 gas
961 3104 1008 3159 illa
1028 3105 1180 3158 consuescit
1201 3122 1334 3177 querere,
1353 3123 1421 3176 quas

341 3182 497 3237 tenuissima
510 3184 716 3257 mollissimeque
729 3189 784 3249 ejus
796 3206 857 3257 par·
901 3183 981 3248 mari,
991 3182 1071 3236 etiam
1082 3184 1247 3238 validissimo
1258 3184 1363 3255 impetu
1374 3204 1421 3239 es·

340 3272 367 3318 tt
384 3277 547 3335 coopertam·
576 3264 650 3331 Quid
668 3265 690 3319 ai
710 3266 781 3337 legas
799 3266 857 3321 sine
898 3263 1430 3336 tttauti,impervins,neclimusmnrinus,¹

339 3343 856 3415 praepositione,etadscribendictiouem
904 3362 955 3404 nec
970 3344 1031 3400 ulle
1050 3343 1171 3397 herbulae
1195 3343 1355 3417 inquinant3
1374 3344 1420 3398 hie

339 3424 418 3478 tertis
428 3460 436 3485 ,
448 3424 647 3496 superioribus?
658 3436 689 3477 ut
702 3426 736 3479 sit
746 3444 855 3484 seusun:
904 3425 1000 3480 scrobe
1012 3424 1121 3491 effossa,
1135 3442 1165 3477 os
1179 3427 1256 3497 cujus
1271 3423 1326 3477 lere
1339 3425 1419 3480 tutius

340 3500 486 3559 testudines
502 3504 532 3561 iu
550 3504 618 3559 mari
636 3504 725 3561 uisere
738 3507 855 3580 conchy·
903 3506 980 3579 pedis
987 3505 1135 3561 diametron
1144 3508 1376 3574 hahet,atcavitas
1389 3510 1417 3561 iu

339 3578 515 3654 liisegressas
524 3583 552 3637 in
562 3595 659 3639 terram
668 3585 766 3639 herbis.
774 3587 857 3652 Quod
904 3586 972 3642 duos
985 3606 1069 3659 usque
1081 3588 1164 3659 pedes
1177 3601 1266 3660 patet,
1278 3609 1330 3644 ova
1342 3589 1419 3662 ponit

339 3675 429 3715 autem
454 3662 575 3735 sequitur
598 3658 740 3730 contiuuo,
767 3669 855 3721 Aoum
903 3667 1046 3739 plusquam
1056 3679 1301 3732 centenanumero3
1319 3670 1418 3724 deinde

338 3743 389 3793 osis
396 3744 501 3807 similia,
511 3763 546 3797 ex
557 3744 695 3806 Aristotele
706 3758 855 3819 sumptum,
898 3764 979 3799 arene
993 3747 1081 3819 operit
1092 3747 1240 3814 levissime,
1249 3766 1333 3820 quam
1345 3748 1418 3801 sola·

339 3820 384 3875 lib.
399 3820 432 3885 V,
446 3841 505 3895 cap.
521 3823 563 3877 33.
574 3826 678 3881 Verum
691 3825 853 3892 nomadum,
899 3826 974 3881 ribus
987 3825 1070 3881 radiis
1086 3828 1233 3899 expositam
1246 3847 1278 3883 ec
1291 3827 1418 3883 facillime

338 3904 527 3975 compareriab
537 3904 679 3960 Aristotele
688 3908 746 3962 ovis
755 3907 856 3976 avium,
900 3908 1031 3961 calentem
1049 3906 1194 3962 verisimile
1212 3919 1252 3962 est
1265 3928 1298 3962 eo
1316 3909 1417 3981 teporis

339 3998 390 4035 ova
404 3980 545 4040 testudinis
556 3986 764 4053 terrestris,nou
775 3998 855 4042 testu·
900 4007 963 4041 mox
980 3986 1123 4053 devenire,
1143 4000 1174 4041 ut
1185 4008 1299 4044 ovorum
1312 3989 1414 4046 semina

338 4060 410 4115 dinis
440 4062 562 4131 murinae,
583 4076 613 4117 ut
641 4064 686 4123 hic
717 4081 856 4141 comparat
900 4068 1004 4130 foveat,
1017 4068 1151 4141 explicet,
1165 4068 1285 4133 nutriat,
1302 4080 1415 4143 augeat,

339 4139 456 4208 Plinius,
481 4145 655 4204 tumultuaria
683 4148 793 4203 sortasse
817 4150 854 4203 le·
899 4148 1078 4205 sicilicetds.
