3200 5159
410 553 488 642 4⁸34
675 552 715 618 c.
744 549 916 618 ems-11
943 547 1052 618 rssr.
1081 550 1211 619 n1sr.

411 688 612 757 adnectens:
634 679 847 775 maculasque
857 677 881 704 ¹²
901 677 1037 773 paribus
1059 703 1190 776 semper
1206 683 1404 774 intervallis,
1424 687 1483 757 sed

411 791 551 864 subinde
570 788 816 874 crescentibus,
839 811 881 855 ex
899 771 1072 880 angusto¹³
1094 785 1235 859 dilatans
1260 791 1484 864 indissolubili

412 899 501 971 nodo
518 893 675 992 implicat.
695 895 831 984 Quanta
852 907 923 962 arte
944 890 1030 961 celat
1046 891 1205 988 pedicas,
1224 897 1391 969 scutulato
1411 915 1483 970 rete

413 1018 598 1104 grassantes
606 991 645 1070 ¹⁴!
664 1026 764 1097 quam
780 1024 849 1069 non
866 997 908 1067 ad
919 997 985 1068 hoc
999 998 1131 1069 videtur
1141 1002 1306 1096 pertinere
1322 1006 1483 1076 crebratae

412 1095 565 1208 pexitas¹⁵
575 1107 666 1193 tclae,
684 1123 718 1176 et
734 1106 876 1203 quadam
893 1103 1046 1200 politurae
1062 1119 1150 1196 orte,
1165 1109 1308 1205 ipseper
1328 1137 1364 1182 sc
1380 1127 1482 1182 tenax

413 1221 497 1288 ratio
512 1200 679 1287 namae¹⁶:
698 1239 795 1308 quam
814 1212 907 1282 laxus
918 1207 942 1251 ¹⁷
957 1210 999 1280 ad
1015 1212 1130 1300 flotus,
1148 1237 1188 1286 ac
1204 1241 1272 1286 non
1293 1217 1483 1313 respuendo

412 1348 486 1420 quae
510 1323 662 1408 veniant,
683 1316 799 1390 sinus!
826 1315 995 1389 Derelicta
1019 1316 1105 1389 lasso
1116 1305 1140 1344 ¹⁸
1164 1323 1324 1416 praetcndi
1351 1349 1483 1395 summa

413 1446 508 1528 parte
526 1428 685 1498 arbitrere
699 1425 774 1496 licia
793 1451 802 1495 ε
821 1440 856 1494 at
873 1421 928 1492 illa
948 1421 1083 1495 difficile
1105 1441 1302 1518 cernuntur,
1324 1445 1425 1526 atque
1444 1447 1483 1502 ut

379 1554 394 1612 t
414 1541 447 1609 in
459 1537 562 1634 plagis
577 1533 670 1606 lineae
686 1533 839 1618 offensae,
858 1530 1067 1626 precipitem
1081 1534 1116 1602 in
1131 1535 1250 1606 sinurn.
1269 1538 1396 1632 Specus
1412 1539 1483 1634 ipsa

453 1773 671 1838 rrMaculasqse.
683 1765 830 1824 Grncellos.
844 1764 888 1818 Sic
898 1764 926 1815 in
970 1775 1024 1828 tur,
1037 1766 1140 1839 inquit,
1149 1767 1182 1820 ad
1193 1769 1240 1822 bas
1250 1769 1420 1826 insidiestele
1427 1784 1483 1826 tem

413 1850 463 1904 reti
476 1849 619 1912 foramine,
631 1847 686 1900 sire
699 1846 800 1920 plegae,
810 1843 926 1897 maculas
969 1841 1050 1898 dense
1064 1857 1144 1912 texts,
1159 1861 1188 1901 ut
1205 1869 1272 1922 pere
1282 1853 1433 1906 seurillosa
1445 1854 1484 1906 in·

414 1929 579 2004 appellamus
603 1944 611 1978 ε
631 1937 658 1980 et
674 1925 786 1979 maculis
804 1923 926 1976 distincto
970 1925 1076 1979 terdnm
1091 1928 1237 1985 existimari
1257 1932 1359 2004 possiti
1372 1933 1484 1987 Crebra-

414 2011 478 2064 retis
500 2006 624 2061 dicimus.
647 2005 743 2058 Cicero
759 2004 786 2056 in
797 2005 926 2066 Verrem,
969 2016 1024 2082 tarn
1048 2008 1164 2079 appellat
1187 2021 1307 2075 vestem,
1335 2031 1418 2083 qnam
1438 2012 1484 2065 lib

414 2108 490 2144 num.
510 2107 537 2159 7,
551 2112 564 2132 ι
573 2085 775 2156 Reticulumque
796 2082 831 2137 od
849 2101 928 2136 neres
970 2082 1056 2145 v111.
1069 2105 1092 2138 c.
1106 2089 1286 2152 14,srebrom
1299 2089 1484 2157 dixit,mbm

414 2169 465 2223 sibi
487 2167 660 2230 admovebat,
688 2163 841 2218 tenuissimo
859 2162 928 2226 lino,
968 2181 1137 2231 papaverum,
1147 2179 1198 2221 etc.
1212 2169 1326 2224 nbiride
1339 2190 1400 2243 qne
1410 2171 1484 2226 dees

415 2249 526 2302 minutis
537 2244 658 2311 maculis,
667 2244 776 2316 plenum
786 2259 882 2296 roser.-
892 2241 927 2294 Η.
971 2243 1134 2314 scripsimus.
1149 2246 1240 2302 niun.

455 2328 553 2382 131ae
570 2338 677 2394 angusto
696 2325 805 2374 dilataris
826 2324 929 2373 indisso-
1011 2325 1051 2374 16.
1071 2329 1158 2376 Terrae
1167 2329 1229 2378 racio
1239 2341 1334 2380 mma.
1347 2329 1444 2382 Tremo
1459 2341 1486 2383 et

408 2410 486 2461 lubili
505 2409 580 2459 nodo.
601 2402 713 2458 Meculis
730 2402 780 2455 imo
797 2403 838 2454 sui
853 2413 929 2474 parte
971 2401 1111 2456 subtemen
1118 2399 1220 2470 ,'idem.
1241 2406 1304 2460 Non
1324 2421 1484 2462 temerare·

415 2485 627 2559 angustioribus,
640 2483 739 2536 sensim
756 2481 930 2535 dilatantibus
944 2491 950 2500 '
972 2499 1037 2534 neus
1053 2482 1133 2535 sicuti
1148 2503 1196 2538 nos
1208 2487 1282 2548 texit,
1306 2498 1420 2540 tremam
1432 2499 1484 2542 ste-

298 2572 301 2577 ’
415 2585 480 2620 sese.
493 2565 584 2618 Hinc.
973 2581 1087 2635 meoque
1104 2563 1217 2618 invicem
1242 2565 1370 2638 tegendo:
1386 2567 1485 2638 vixque

453 2653 494 2709 14.
505 2647 631 2696 &melosa
643 2657 696 2694 rere
712 2655 871 2711 grassantes.
890 2639 930 2692 De
973 2651 1056 2695 trema
1070 2641 1123 2696 dici
1141 2662 1172 2698 es
1191 2656 1293 2716 potest:
1311 2645 1413 2718 quippe
1425 2664 1485 2719 qne

416 2723 547 2779 scutulato
565 2733 639 2775 textu
654 2717 771 2774 dixinius
792 2719 929 2780 tib.v111‚
973 2731 1135 2775 transmeare
1157 2722 1248 2778 deceat
1266 2724 1336 2778 inter
1360 2726 1437 2794 filum
1459 2737 1487 2779 et

416 2821 474 2875 cap.
488 2803 531 2871 73.
544 2799 636 2853 Hono.
973 2801 1049 2853 lilurn
1061 2814 1153 2856 mutus
1164 2803 1417 2876 snper-equitatione.
1431 2803 1466 2858 fl.

455 2883 495 2935 15.
510 2881 735 2948 Crebratrrpeeitas
745 2882 812 2930 eeloe.
826 2881 929 2930 Crebra·
1012 2898 1052 2948 ¹7·
1066 2887 1145 2948 Quam
1154 2885 1238 2936 lacus.
1250 2883 1341 2948 Quem
1349 2882 1431 2938 facile
1441 2901 1487 2937 ee·

416 2978 449 3014 ue
456 2980 505 3035 pro
514 2965 626 3013 cribratoe
633 2958 827 3030 rescripsimus,
837 2957 931 3012 edmo-
974 2956 1039 3012 (lens
1049 2957 1170 3026 fletibus,
1179 2972 1205 3014 et
1214 2962 1316 3015 sentis:
1329 2981 1412 3034 quem
1420 2963 1487 3015 mol-

416 3042 474 3094 nitn
486 3039 611 3094 codicum
625 3039 691 3109 Reg.
709 3057 740 3103 1,
759 3056 783 3102 s,
804 3037 882 3090 Colb.
905 3057 930 3101 r,
974 3038 1034 3092 liter
1046 3058 1076 3092 ee
1090 3059 1148 3112 que
1162 3039 1441 3116 incidunt,excipiens
1450 3043 1485 3095 si·

419 3140 443 3181 ι,
457 3119 538 3174 Poris.
549 3121 583 3173 Et
595 3135 676 3171 mox:
695 3143 708 3162 ι
717 3115 848 3170 Derelicts
862 3116 932 3170 lasso
974 3117 1045 3169 nus?
1059 3119 1150 3174 Henn.

417 3198 547 3270 pretendi
560 3207 661 3251 summa
674 3209 750 3268 parte
760 3195 931 3248 arbitrereli·
1012 3197 1053 3250 1⁸.
1063 3201 1185 3251 Derelicra
1197 3204 1272 3252 lasso.
1286 3201 1419 3255 netelton
1428 3219 1485 3255 ore·

418 3277 474 3330 cis:
486 3290 511 3330 et
521 3277 564 3331 illa
576 3275 688 3330 difficile
696 3285 855 3338 cernuntur,
865 3287 931 3328 etc.»
974 3275 1022 3328 das
1032 3277 1066 3330 ab
1076 3295 1178 3340 araneo
1183 3298 1237 3350 pre
1249 3277 1406 3334 lassitudine
1416 3281 1486 3340 licie,

418 3373 501 3426 quum
522 3355 597 3427 prius
616 3356 748 3426 legeretur
755 3393 764 3418 ,
780 3351 932 3407 «derelicta
974 3354 1093 3421 horest,
1112 3357 1203 3412 lils'es
1216 3377 1278 3432 quise
1296 3379 1408 3416 summe
1430 3363 1487 3416 telse

420 3436 488 3487 lasso
508 3434 629 3507 preteriti
646 3451 751 3487 summe
769 3444 843 3504 perte
862 3431 931 3486 arbi·
975 3437 1141 3490 totoambitu
1155 3439 1372 3510 protenduntur:
1387 3453 1487 3496 strunt

419 3526 488 3567 trere
510 3515 592 3566 licie:
618 3524 648 3566 ut
665 3512 788 3565 arbitrari
810 3512 872 3566 licet
887 3512 931 3566 illo
975 3515 1268 3592 eaedeotcnuie,egre
1280 3521 1488 3590 utpossintoon·

419 3611 479 3665 que
498 3593 606 3646 difficile
617 3604 786 3646 cernuntur·
797 3593 865 3658 Ques
876 3613 933 3646 rer·
974 3597 1041 3667 epici
1054 3597 1088 3649 ab
1099 3598 1300 3652 occurrentibus
1309 3599 1489 3666 animalculis3

419 3670 580 3731 anlitius,
602 3669 631 3721 in
648 3669 716 3722 notis
729 3669 764 3722 ed
783 3671 885 3742 Cyncg.
903 3683 932 3724 ut
974 3693 1035 3746 que
1050 3675 1097 3728 nbi
1109 3676 1166 3729 bec
1184 3674 1339 3740 oflendunt,
1360 3690 1390 3731 nt
1403 3679 1488 3732 linens

419 3749 558 3819 intelligat,
569 3749 603 3801 ito
615 3747 745 3819 depravet
758 3767 765 3800 :
777 3774 788 3795 ι
799 3751 930 3804 Derelictn
973 3754 1003 3808 in
1017 3755 1100 3826 plagis
1120 3756 1196 3822 lere,
1219 3754 1283 3808 inde
1302 3758 1445 3828 rapiuntur
1460 3760 1488 3812 in

418 3824 479 3880 lue
491 3825 641 3899 ,pretendit
662 3845 768 3880 somme
787 3841 882 3900 porte,
903 3843 933 3883 ut
975 3833 1092 3886 medium
1106 3834 1203 3888 sinum.
1214 3835 1302 3906 Plaga
1311 3834 1488 3890 dicuntnrre-

306 3918 310 3928 '
418 3906 539 3959 arbitrari
558 3907 656 3959 liceat:
678 3905 778 3976 illaque
803 3905 836 3960 de
860 3909 931 3962 facili
975 3912 1159 3966 tiarerioraetl
1168 3912 1489 3988 capiendasfemuquod

418 3998 574 4048 cernuntur,
585 3998 636 4038 etc.
646 4009 660 4030 ι
682 3985 714 4036 In
729 3984 789 4038 cod.
801 3986 932 4042 Toletano
974 3993 1073 4066 plagis,
1090 3992 1128 4064 id·
1140 4007 1196 4058 est,
1220 3993 1395 4048 foraminibus
1410 3995 1489 4067 plens

417 4065 545 4129 Plurimi,
559 4079 585 4116 ur
596 4067 711 4115 arbitrere
720 4067 789 4118 licia.
801 4066 932 4122 ΗΜ-
974 4072 1039 4125 sint.
1055 4072 1143 4126 Lince
1153 4072 1263 4126 funiculi
1274 4073 1388 4138 extensi,
1398 4074 1427 4126 in
1436 4091 1491 4128 eos·

419 4146 549 4196 Crebrsroe.
569 4144 658 4208 Quem
670 4162 766 4217 parurn
779 4159 843 4218 epta
855 4148 930 4203 ride·
973 4149 1035 4205 dem
1057 4151 1248 4206 usus.1)ebis
1271 4153 1345 4224 apud
1365 4152 1489 4226 Lipsinm
