3200 5159
561 517 718 588 arnna
744 511 813 581 xi.
1145 497 1218 590 47¹

150 692 228 738 nem
248 658 436 759 nigrantia.
453 633 495 725 In
512 649 658 747 quodam
676 668 797 742 genere
804 625 829 666 ²³
845 663 908 735 pro
927 631 1083 705 manibus
1094 626 1137 697 ad
1153 650 1224 697 sca·

150 772 299 844 bendum
320 788 471 863 eorpus,
491 756 646 831 Cochleis
669 752 712 823 ad
734 741 1001 847 praetentandum
1029 739 1113 823 iter;
1148 757 1226 802 cor·

151 904 255 979 porea
265 860 380 957 haec²⁴,
390 872 476 941 sicut
483 864 633 938 cerastis:
645 856 825 954 aliquando
833 838 858 879 ²⁵
869 865 903 922 et
912 844 1053 943 singula.
1069 838 1226 912 Cochleis

153 982 412 1082 semperbina:
441 990 476 1045 et
499 988 538 1043 ut
563 966 814 1067 praetendantur
825 945 863 1049 ²⁶,
885 982 924 1030 ac
950 951 1105 1025 resiliant.
1132 943 1262 1015 Uro-⁴

153 1116 231 1165 rum
247 1088 404 1163 cornibus
421 1080 555 1153 barbari
575 1068 861 1172 septemtrionales
879 1058 1030 1161 potant²⁷
1046 1052 1229 1147 :urnisque

155 1184 266 1271 bina²⁸
287 1195 403 1290 capitis
418 1192 661 1273 uniuscornua
682 1178 823 1277 implent
841 1199 849 1243 :
868 1171 924 1243 alii
940 1165 1075 1266 praefixa
1098 1156 1230 1231 hastilia

154 1378 203 1416 seu
211 1352 366 1410 aduncitate
375 1350 506 1403 introrsus
517 1344 584 1397 flexu
594 1378 603 1405 ,
615 1340 670 1393 for·
714 1334 807 1391 chiffl.
822 1332 900 1387 Prius
913 1329 979 1383 falsa
992 1340 1102 1395 prorsus
1116 1318 1230 1373 lectione

155 1438 224 1493 uicis
238 1438 266 1490 in
280 1450 391 1487 morem.
403 1458 444 1471 -
455 1427 583 1481 (Jorruersu¹
597 1422 671 1477 Cun-
714 1418 861 1490 legebatur,
870 1402 1231 1482 umasqucdinaecapitisunius

156 1517 262 1574 traria:
287 1509 460 1571 aduncitate,
484 1524 531 1559 seu
556 1500 671 1555 flexione
715 1511 810 1548 cornua
830 1493 940 1559 implent.
959 1487 994 1537 At
1011 1500 1067 1535 non
1084 1493 1157 1531 urnae
1176 1493 1232 1527 uor-

156 1614 289 1653 oornuum
310 1604 443 1645 extrorsus
464 1586 609 1658 projecta,
642 1578 672 1632 in
716 1575 813 1637 nibnst
836 1568 883 1623 sed
900 1582 1002 1622 cornua
1021 1558 1098 1613 urnis
1117 1553 1230 1626 implen-

156 1678 289 1735 dertram‘,
304 1674 458 1741 laevamque.
470 1664 562 1717 Hinn.
717 1663 781 1707 tur:
800 1668 852 1703 nec
871 1646 978 1718 ringula
1004 1656 1106 1696 cornua
1132 1652 1231 1688 urnam

200 1756 246 1812 23.
258 1755 289 1807 Iu
302 1750 405 1825 quodam
419 1738 514 1819 penem.
525 1743 628 1813 Nempe
642 1738 672 1790 in
716 1730 865 1792 continent,
878 1726 943 1780 bina
954 1724 1032 1775 binas
1046 1739 1053 1773 :
1066 1716 1129 1771 alias
1139 1712 1234 1785 capitis

158 1836 264 1910 capris:
281 1830 355 1906 quod
372 1843 400 1884 et
422 1828 451 1880 in
469 1823 595 1879 arietibus
610 1816 672 1891 qui·
716 1812 795 1867 unius
810 1826 909 1863 cornua
924 1804 1062 1858 continere
1075 1796 1234 1867 amphoram

158 1916 272 1973 busdam
282 1910 408 1967 vidimus.
416 1908 511 1961 Hann.
589 1948 593 1955 .
716 1892 838 1946 dixisset:
852 1897 914 1942 sunt
925 1882 997 1938 euim
1006 1878 1113 1933 binario
1124 1873 1233 1944 ampho-

202 2006 248 2062 si.
272 1994 394 2065 Corporeu
409 1990 469 2041 lroec.
484 1970 614 2048 Ecame,
629 1976 672 2030 rel

158 2075 328 2149 cartilagine,
352 2071 435 2125 aliave
456 2061 585 2138 peculiari
607 2067 673 2130 qua-
717 2070 784 2114 una,
802 2068 820 2101 u

159 2160 233 2233 piam
241 2167 412 2223 naturutquo
424 2164 503 2202 sensu
512 2136 694 2213 corporeum‘
717 2143 769 2184 tur.
781 2128 865 2182 Porro
878 2120 1012 2178 corollarii
1024 2119 1080 2171 rice
1085 2118 1162 2189 juvat
1172 2110 1235 2164 sub·

159 2236 246 2309 accipi
259 2246 384 2313 oportere
395 2226 497 2283 Plinius
507 2224 564 2295 ipse
581 2214 674 2274 admo·
714 2212 797 2279 jicere
809 2204 932 2260 hocloco
942 2220 970 2254 ea
982 2239 990 2264 ,
1005 2214 1065 2273 quse
1077 2193 1111 2246 de
1123 2207 1236 2244 urorum

160 2320 221 2373 nuit
230 2334 288 2387 cup.
298 2308 356 2383 sup.
370 2308 463 2362 Hann.
718 2289 847 2346 'cornibus
858 2281 952 2338 vetusti
960 2278 1104 2349 scriptores
1111 2269 1238 2331 retulere,

205 2396 250 2451 25.
263 2390 415 2465 Aliquando.
427 2387 466 2440 Ut
474 2385 503 2438 in
514 2380 606 2453 vipera
614 2395 675 2431 cor·
719 2364 880 2423 aPlinianis
899 2356 975 2413 baud
992 2355 1108 2407 multum
1131 2349 1234 2403 discre-

161 2491 229 2533 nuta
239 2474 357 2547 Illyrica,
367 2471 446 2541 cujus
454 2467 559 2519 iconem
568 2456 677 2511 exhibet
720 2447 820 2524 pontia.
828 2446 924 2502 Caesar,
935 2434 1038 2498 lib.Vl,
1046 2452 1075 2505 p.
1083 2433 1117 2494 34
1131 2448 1138 2483 :
1149 2455 1162 2475 ι
1171 2429 1236 2481 Δω-

162 2548 367 2613 Aldrovaudue,
382 2550 453 2601 libro
473 2543 506 2597 de
523 2540 599 2610 Serp.
615 2555 676 2608 pag.
721 2525 825 2603 plitudo
847 2534 1003 2597 cornuum,
1032 2525 1058 2566 et
1080 2505 1185 2582 fi'gura,
1211 2516 1238 2557 et

407 2626 454 2692 tis,
473 2636 504 2677 ut
524 2620 582 2673 vult
597 2616 677 2669 Dale-
722 2600 962 2681 species‚multum
972 2588 1238 2648 anostrorumboum

166 2642 236 2711 169„
254 2636 317 2689 Non
333 2649 405 2685 ceras

577 2696 678 2767 emina,
723 2685 849 2742 cornibus
861 2679 962 2733 differt.
973 2673 1036 2726 Hsec
1047 2668 1165 2725 studiose
1174 2683 1239 2717 cou-

163 2716 284 2789 campius
302 2731 309 2763 ι
330 2722 393 2764 sunt
413 2704 485 2761 euim
503 2702 576 2776 hisg

163 2812 195 2853 ut
209 2794 365 2857 minimum,
379 2800 497 2843 cornua:
518 2775 679 2852 quandoque
723 2764 821 2843 quisita
831 2781 847 2814 a
859 2757 941 2812 labris
955 2763 1067 2825 argento
1080 2742 1237 2801 circumclu-

165 2891 193 2932 et
202 2888 348 2949 quaterna:
363 2868 403 2923 uti
417 2865 534 2919 diximus
547 2854 678 2923 alias,lib.
723 2848 809 2907 dunt,
827 2854 908 2911 atque
927 2835 957 2887 in
972 2826 1141 2903 amplissimis
1153 2822 1240 2894 epulis

165 2958 246 3021 vm,
259 2971 317 3024 cap.
334 2948 383 3005 35.
398 2946 491 3000 Hann.
687 2972 688 2975 ι
723 2946 774 3000 pro
782 2921 888 2997 poculis
901 2924 1022 2969 utuntur.
1035 2935 1047 2957 ι
1060 2902 1242 2975 Transcripsit

208 3041 253 3091 26.
280 3034 317 3086 Et
338 3042 366 3083 ut
381 3023 572 3099 praetenduntur.
596 3015 680 3068 Puris.
724 3007 781 3060 hnc
800 3001 835 3057 ad
857 2998 971 3053 verbum
991 3012 1005 3045 a
1024 2989 1128 3044 Caesare
1141 2982 1241 3038 aimoi-

166 3114 227 3173 cod.
234 3110 419 3187 protenduntur.
435 3104 471 3157 Et
482 3112 560 3165 sunt,
574 3094 680 3166 inquit,
725 3104 787 3151 nus,
797 3082 897 3134 ilistor.
907 3076 1003 3130 Fraus.
1016 3070 1062 3123 lib.
1076 3066 1105 3127 1,
1126 3082 1188 3135 cup.
1209 3080 1237 3121 ²3

166 3191 321 3269 hujusmodi
333 3205 433 3243 cornua
447 3180 570 3242 cochleis,
582 3187 612 3227 ut
622 3192 681 3225 mo·
725 3180 813 3236 neque
829 3158 888 3212 brec
903 3154 1009 3213 solum,
1027 3146 1074 3201 sed
1096 3156 1122 3198 et
1140 3159 1199 3215 que.
1208 3140 1243 3193 de

168 3250 682 3349 doproteuduutur,quumluhet;mudo
727 3244 783 3298 alce
797 3238 841 3291 ille
851 3232 981 3310 prodidit,
989 3242 1143 3302 quanquam
1155 3238 1244 3275 avero

168 3366 327 3413 revocentur
340 3368 370 3403 ac
382 3362 457 3419 paene
469 3338 596 3395 resiliant.
607 3333 642 3387 H.
727 3317 907 3383 abhorrentia,
925 3312 964 3366 uti
979 3306 1145 3363 ostendimus
1154 3302 1182 3355 in
1193 3319 1244 3353 no·

212 3454 258 3507 ²7·
274 3435 376 3487 Putant.
389 3423 533 3481 Traditum
554 3417 588 3470 ah
611 3412 683 3467 unti-
726 3404 760 3457 tis
782 3412 810 3454 et
832 3388 1061 3452 emendationibus
1082 3384 1116 3439 ad
1144 3382 1246 3435 librum

167 3502 246 3589 uuis,
270 3513 425 3586 priusquam
450 3500 546 3577 pocula
575 3505 683 3565 reperta
726 3494 859 3536 octavum.
880 3472 979 3527 Cusari
997 3481 1024 3523 et
1042 3462 1167 3519 Aimoino
1181 3478 1246 3514 cou-

171 3574 683 3661 luissent,cornibusbomiuesbibisse,
727 3562 792 3618 eiuit
815 3558 914 3619 Fulco,
934 3552 984 3606 rire
1007 3545 1186 3616 Hierosolym.
1198 3538 1245 3592 lib.

171 3676 288 3747 indeque
300 3654 682 3731 fictumrerbumdysspu'ous,
728 3644 767 3697 1:
790 3636 875 3691 -Uris
899 3648 1001 3687 cornua
1028 3638 1090 3681 sunt
1111 3624 1247 3676 immenso

172 3756 203 3810 id
218 3769 274 3819 est,
286 3748 347 3807 uisus
363 3748 483 3816 δπιχίιιι,
494 3742 588 3795 vinum
601 3734 687 3787 all'un-
730 3714 905 3777 concavitatis
916 3711 970 3765 :Ex
980 3708 1078 3781 quibus
1086 3702 1173 3772 ampla
1184 3698 1249 3752 satis

174 3837 246 3891 dere.
256 3829 374 3903 Rhodig.
390 3827 484 3893 XXX,
497 3840 555 3893 cap.
571 3836 597 3870 1.
608 3814 688 3867 Athe-
731 3815 758 3857 et
780 3797 856 3853 lavia
876 3791 974 3867 pocrssa
996 3786 1082 3850 fiunt,
1094 3780 1203 3834 Vitibus
1222 3789 1250 3831 et

173 3934 247 3971 neus
260 3914 308 3967 lib.
320 3912 375 3975 Xl,
389 3928 416 3980 p.
433 3904 488 3967 ²34
505 3914 530 3955 et
544 3896 688 3957 235.Dsn.
733 3878 833 3936 mensis
843 3886 869 3930 et
876 3874 982 3927 honora
995 3879 1022 3921 et
1033 3858 1176 3919 commoda
1191 3874 1250 3929 pro

219 3995 262 4049 ad.
290 3994 407 4062 Utrisque
428 3987 485 4039 buu
511 3980 597 4051 cupitis
619 3976 688 4026 unius
732 3971 793 4017 sunt
809 3978 816 4013 ε
834 3956 888 4010 Seu
911 3948 984 4005 docti
1007 3943 1122 3999 artifices
1137 3956 1169 3991 ea
1183 3953 1249 4009 qua·

177 4095 268 4131 comm
296 4070 402 4143 implent.
422 4069 463 4123 Its
488 4050 690 4116 emendavimus

177 4153 320 4217 admonitu
329 4148 450 4205 codicum
460 4147 526 4215 lleg.
536 4160 598 4205 r,a,
607 4132 688 4190 Paris.
734 4122 833 4186 sinant,

732 4040 856 4097 drilicata
877 4028 1042 4092 rotundent,
1063 4024 1171 4091 Integra
1195 4015 1251 4068 sive
1310 4063 1314 4071 ,

842 4128 869 4170 et
878 4114 936 4168 lissa
945 4106 1081 4167 caloribus
1094 4106 1206 4171 aptent·
1218 4094 1253 4152 H,

1050 4197 1119 4283 30⁴
