3200 5159
370 530 418 615 aa
634 536 671 603 c.
701 536 1011 631 varannae.
1040 541 1168 609 ursa.

370 664 404 730 in
431 651 620 734 Danubio*
648 671 764 739 marris
792 670 1154 767 extrahitur,p0rculo
1179 676 1306 743 marino
1334 674 1438 745 simil-

296 914 300 921 .
371 875 606 926 Moeuo'Gemtam'oe
615 892 690 926 amne
695 878 795 943 protelis
802 879 882 936 boum
924 879 1089 933 eommodns.
1105 882 1176 933 Du..
1196 912 1231 922 -
1243 884 1343 933 protelis
1354 884 1437 934 hum,

296 990 299 999 .
373 954 430 1004 etin
443 956 556 1005 Danubio
565 958 882 1025 merriaextralritnrporeo
924 960 1069 1012 Plurimum
1089 978 1175 1030 operte
1197 978 1228 1013 se
1252 961 1350 1032 negotii
1367 960 1438 1014 Rhe·

373 1036 469 1085 marino
486 1036 630 1088 simillimus.
648 1036 883 1098 nontermino,
924 1057 996 1091 uano
1005 1038 1124 1091 exhibuit
1133 1039 1239 1112 vulgata
1252 1040 1339 1105 lectio,
1357 1060 1439 1108 prope

370 1114 495 1181 praecipue
507 1116 533 1165 in
551 1120 647 1177 Meno,
668 1134 743 1169 novas
756 1116 883 1169 orationis
925 1122 1047 1184 birbaum,
1055 1118 1130 1172 aedes
1139 1119 1229 1173 Lisbui
1238 1119 1329 1193 oppidi
1337 1119 1439 1192 ubique

373 1190 479 1245 initium
502 1194 634 1249 facimus:
654 1212 805 1268 quanquam
824 1196 885 1248 libri
925 1197 1140 1270 inquirentiNos
1153 1212 1294 1253 extremam
1306 1199 1387 1271 bujus
1398 1200 1440 1252 lo·

375 1272 494 1343 impressi
509 1274 543 1327 ad
556 1276 693 1347 superiora
703 1314 710 1340 ,
720 1277 773 1330 boo
784 1288 837 1339 est,
850 1275 885 1328 ad
926 1279 951 1330 ei
959 1279 1088 1331 curationi
1096 1296 1203 1331 manum
1210 1278 1394 1348 imposuimus,
1403 1298 1438 1331 ex

375 1352 488 1405 silurum
505 1353 562 1407 hec
579 1355 710 1409 reserant:
732 1357 777 1409 sed
794 1375 886 1429 perpe·
926 1358 1063 1412 codicibus
1076 1361 1141 1431 lieg.
1161 1378 1186 1421 1,
1201 1378 1227 1420 a,
1242 1359 1359 1412 Galbae
1376 1376 1399 1421 r,
1412 1377 1437 1420 a,

376 1451 433 1486 ram
449 1452 456 1488 :
471 1452 557 1506 neque
569 1434 639 1489 enim
653 1436 748 1489 silurus
760 1436 786 1488 in
798 1438 886 1488 Muuo
927 1439 1006 1491 Paris.
1021 1436 1101 1491 Cbifl.
1112 1438 1197 1510 Lugd.
1207 1436 1328 1509 aliisque,
1340 1437 1367 1490 in
1376 1436 1440 1508 qni·

377 1512 464 1577 ullus,
475 1512 522 1566 sed
537 1514 564 1567 in
577 1514 654 1581 Nilo,
669 1516 838 1578 Danubium,
856 1527 888 1568 ut
928 1518 979 1570 bus
986 1523 1088 1587 protelis
1106 1522 1176 1569 mem
1192 1516 1288 1570 diserte
1306 1517 1439 1578 scribitur,

377 1591 500 1647 diximus.
510 1594 612 1647 Deinde
621 1595 678 1666 ipsa
687 1594 813 1648 orationis
821 1607 889 1648 stru·
928 1597 1150 1668 quemadmodum
1184 1610 1244 1651 ante
1276 1613 1326 1649 uos
1359 1594 1441 1648 seribi

379 1684 452 1726 utura
469 1672 602 1739 declarat,
614 1674 747 1727 recenseri
764 1674 888 1727 hocloco
929 1690 1053 1747 oportere
1060 1675 1127 1729 vidit
1135 1675 1297 1738 pellicerius,
1303 1686 1440 1727 attestante

379 1752 464 1825 pisces
476 1748 611 1825 precipua*
627 1752 810 1820 magnitudine
823 1755 887 1807 insi·
929 1756 1063 1816 Turnebo,
1076 1756 1103 1809 in
1115 1756 1268 1809 Commeat.
1278 1751 1314 1806 ad
1324 1754 1440 1806 oration.

379 1848 459 1902 goes,
473 1851 504 1885 ac
521 1832 636 1903 primum
649 1832 756 1904 quidem
781 1835 889 1887 nomine
930 1833 986 1887 Cio.
996 1836 1024 1886 in
1035 1835 1157 1899 Rullum,
1169 1834 1215 1885 ubi
1230 1831 1259 1884 id
1274 1851 1302 1885 se
1314 1830 1441 1884 edoctum

379 1911 489 1982 proprio
496 1912 610 1964 maxime
619 1923 705 1976 notos,
715 1912 781 1975 Nili,
793 1914 889 1977 libeni,
930 1915 1002 1969 abeo
1009 1932 1113 1967 summo
1121 1914 1177 1965 viro
1187 1913 1293 1964 latetur.
1301 1909 1440 1963 llosdein·

380 1988 498 2062 Padique
515 1991 613 2043 incolas
626 2010 633 2045 :
649 2004 705 2043 tum
716 1990 888 2045 deinde'ttoe·
930 1991 965 2045 de
977 2004 1082 2047 secutus
1094 2003 1133 2044 est
1149 1988 1307 2052 Salmasius,
1317 1990 1346 2041 in
1354 1989 1440 2043 Solln.

380 2070 565 2133 ni,t>anubii‚
578 2070 818 2143 Borysthenisque‚
837 2072 889 2125 boo
930 2087 989 2143 pag.
1006 2072 1074 2134 1314
1093 2083 1120 2122 et
1140 2071 1218 2122 1318.
1244 2070 1330 2122 Habet
1351 2080 1441 2120 autem

380 2159 434 2210 est,
445 2160 518 2202 extra
536 2150 602 2202 flnea
613 2151 716 2202 romani
729 2152 800 2204 orbis
819 2152 890 2223 posi·
930 2151 1030 2221 aliquid
1043 2151 1130 2204 simile
1138 2151 1222 2203 AElius
1232 2147 1401 2220 Lampridius
1412 2149 1442 2199 in

317 2228 319 2235 '
380 2239 421 2279 tos
433 2228 610 2282 innominatus
623 2228 749 2301 quosdam
763 2230 866 2283 laudari
880 2248 887 2283 τ
932 2232 1067 2301 Heliogab.
1085 2249 1146 2303 pag.
1170 2247 1217 2297 109
1230 2246 1238 2280 t
1260 2255 1273 2274 ·
1284 2228 1387 2290 Pisces,
1402 2227 1443 2278 in·

379 2324 527 2379 vocemque
536 2312 678 2369 extrahitur,
688 2307 722 2361 ad
729 2308 827 2361 horum
836 2328 890 2361 am·
930 2311 1000 2383 quit,
1015 2329 1046 2362 ex
1057 2308 1163 2361 vivariis
1175 2310 1229 2361 suis
1239 2308 1326 2359 bubus
1337 2308 1442 2359 traxit.-

379 2386 453 2439 uium
466 2388 563 2459 piscem
575 2388 707 2459 pertinere
719 2406 726 2443 :
738 2406 768 2441 ao
781 2389 832 2441 loci
845 2388 890 2441 de·
933 2390 1024 2443 Haan.
1044 2418 1079 2429 -
1096 2390 1195 2439 Pmtelis
1213 2390 1291 2437 baum
1306 2386 1442 2438 Protelom

377 2484 454 2519 anum
472 2470 628 2521 sententiam
651 2483 709 2521 eam
723 2487 793 2533 esse,
812 2479 842 2521 ut
862 2469 889 2521 iu
932 2480 971 2525 est
980 2472 1132 2542 jugerorum
1143 2470 1234 2533 boum,
1245 2466 1442 2529 tirrannum,

381 2546 505 2599 Danubio
518 2548 627 2612 marris,
643 2548 681 2601 sic
692 2547 719 2599 in
732 2548 891 2619 Moenopro·
931 2550 987 2601 sire
1001 2547 1066 2620 qnid
1080 2547 1154 2601 aliud
1169 2546 1344 2610 trahentium,
1355 2544 1442 2596 eonti-

381 2626 438 2678 telis
447 2626 529 2679 boum
539 2627 639 2679 extrahi
649 2628 748 2698 piscem
758 2646 835 2692 eum,
846 2631 891 2699 qni
932 2646 1001 2681 unns
1015 2645 1070 2679 uno
1079 2639 1170 2679 tenore
1183 2643 1214 2679 ae
1224 2624 1306 2677 ductu
1321 2619 1443 2676 conatus

381 2706 495 2779 porculo
512 2708 614 2759 marino
628 2708 779 2761 simillimus
798 2708 839 2761 alt.
854 2708 888 2762 lt.
933 2702 1301 2776 Usibaovooereteresapud
1310 2703 1443 2764 Nonium,

419 2787 460 2841 13.
473 2790 572 2840 Pmtelia
584 2794 653 2840 boum
671 2790 696 2842 in
711 2794 777 2839 Dan.
790 2791 892 2862 Legen·
932 2803 989 2857 cap.
1011 2793 1041 2851 4,
1059 2804 1119 2857 pag.
1135 2786 1195 2853 349.
1212 2783 1346 2845 Lucilius,
1358 2782 1444 2842 Cato,

382 2864 447 2919 dum
463 2887 470 2922 :
486 2873 588 2920 Protelr's
606 2868 675 2920 borda
695 2874 754 2928 etia
777 2874 891 2921 Danubio
932 2865 1071 2918 Lucretius
1091 2884 1098 2917 ε
1121 2864 1222 2917 Plinius
1243 2862 1297 2934 ipse
1321 2878 1443 2921 rursum,

381 2950 526 3001 extrahitur.
536 2948 591 3001 Nec
599 2952 715 3018 protelem
723 2990 731 3014 ,
736 2952 829 3021 jugum
841 2962 891 3014 est,
933 2946 980 2998 lib.
994 2946 1106 3010 XVIII,
1125 2962 1148 2998 o.
1159 2946 1192 3008 48
1205 2962 1212 2996 :
1226 2970 1239 2989 ι
1249 2942 1361 2995 Protelis
1373 2940 1444 2992 binis

383 3026 429 3080 sed
440 3040 516 3082 tenor
525 3029 552 3081 iu
566 3027 689 3082 ducendo
701 3028 826 3100 qnidam,
841 3040 892 3081 tra·
933 3025 1067 3097 tenuisque
1076 3021 1159 3077 arant.
1168 3050 1179 3070 ι
1191 3023 1262 3076 ilino
1271 3022 1445 3087 verbumpro·

313 3123 317 3133 ’
382 3118 494 3181 utusque
508 3108 599 3179 longus
618 3120 645 3160 et
663 3109 839 3161 continuatus.
858 3108 891 3160 Et
933 3111 1023 3167 tolera,
1042 3103 1075 3157 de
1094 3122 1148 3175 quo
1160 3104 1255 3156 Lexiea
1269 3099 1443 3155 consulenda.

381 3190 471 3239 ducere
484 3192 592 3257 protelo,
606 3188 678 3240 idem
696 3200 734 3240 est
748 3200 827 3259 atque
836 3203 891 3239 uno
932 3185 1025 3237 llaan.
1034 3214 1070 3225 -
1079 3185 1263 3233 Protelisboam.
1276 3178 1443 3232 Ambrosiani

381 3278 473 3320 tenore
489 3279 515 3320 et
535 3267 661 3319 continuo
679 3278 765 3318 tractu
785 3266 891 3319 ducere.
935 3262 1055 3323 codices,
1077 3260 1158 3314 editio
1179 3261 1302 3333 princeps
1320 3256 1444 3310 adamus·

381 3346 451 3399 Hine
465 3351 586 3415 protelare
603 3347 713 3399 verbum
739 3362 788 3416 pro
812 3346 892 3417 lunge
934 3344 985 3394 sim
997 3340 1135 3395 llarduino
1145 3339 1314 3392 conveniunt.
1323 3338 1364 3389 Ex
1373 3335 1445 3407 igno-

381 3426 478 3496 pellere
502 3426 543 3479 vel
570 3428 731 3479 incessanter
758 3426 890 3497 persequi.
933 3434 993 3474 rata
1009 3440 1023 3473 a
1037 3422 1183 3474 subsecutis
1195 3416 1370 3491 typographis
1379 3433 1445 3467 eone

380 3504 449 3557 Vide
459 3505 690 3577 salmasiumpag.
703 3504 888 3573 1318e11319.
930 3512 1134 3573 processerunt,
1145 3518 1221 3568 prope
1233 3500 1357 3554 lisinam,
1377 3497 1443 3546 Elis-

380 3582 475 3637 Beatus
488 3586 645 3648 Rhenanus,
657 3586 752 3637 Rerum
761 3584 888 3637 German.
933 3584 1043 3639 tarnim,
1068 3582 1178 3644 Vibium,
1197 3590 1247 3630 eto.
1262 3585 1321 3648 quae
1337 3592 1444 3627 crucem

379 3660 427 3715 lib.
447 3662 559 3735 ll,legit
572 3682 579 3716 ε
594 3664 699 3717 «Amne
710 3682 791 3734 prope
807 3664 888 3717 Erlis.
933 3659 1013 3712 Plinii
1026 3659 1213 3731 interpretibus
1225 3657 1348 3709 fixerunt.
1364 3653 1444 3706 Pelli·
1515 3708 1520 3716 ,

377 3740 492 3794 boruim.
502 3744 535 3795 Et
546 3744 575 3795 in
583 3740 716 3803 Danubio,
728 3753 778 3795 etc.
789 3768 799 3789 ι
809 3744 888 3797 Erlis-
933 3741 1021 3793 cerins
1043 3751 1069 3791 et
1086 3739 1228 3792 Turnebus
1239 3736 1319 3809 primi
1332 3734 1360 3786 in
1374 3735 1444 3787 viam

378 3820 888 3895 bornimquo,idest,lontemalnorum‚
933 3820 1095 3890 optimorum
1127 3817 1249 3871 codicum
1277 3814 1376 3866 auxilio
1403 3832 1444 3865 re·

377 3901 466 3954 mcum
479 3919 533 3956 esse
547 3900 630 3954 tradit
649 3898 681 3951 od
701 3900 781 3955 Moeui
802 3902 888 3974 ripam
932 3897 1020 3963 diere,
1040 3915 1193 3971 germanam
1212 3894 1351 3950 lectionem
1364 3892 1445 3945 Dale·

378 3981 467 4043 situm,
478 3981 558 4052 vulgo
570 3986 754 4035 Erlenbrur'nen
770 3980 887 4044 dictum,
932 3978 1051 4049 campius
1080 3974 1271 4036 subodoravit,
1303 3974 1446 4026 Salmasius

377 4062 617 4132 quatrajectusest,
627 4062 794 4133 vadosasque
808 4062 890 4122 locus,
932 4056 1122 4111 restituendam
1146 4056 1266 4116 curavit,
1286 4052 1445 4106 ¹llanluinns

378 4140 515 4195 abluendis
533 4142 607 4211 equis
626 4154 650 4195 et
663 4154 727 4214 potu
741 4140 889 4195 reficiendis
932 4138 1042 4211 peregit.
1058 4134 1137 4188 Plinii
1153 4136 1309 4189 auctoritate
1330 4146 1355 4185 et
1369 4132 1442 4184 resti·
