3200 5159
577 537 729 606 LIBER
758 541 804 608 X.
1152 539 1227 629 293

159 681 378 762 revocetque,
403 681 438 736 et
464 665 552 737 ultro
575 668 720 762 praebeat
745 694 781 739 se
801 668 939 739 libidini
963 670 1068 739 Rahie
1093 671 1225 764 quidem

159 788 253 842 tanta
271 773 450 904 ³feruntur,
482 788 521 843 ut
553 776 587 843 in
616 776 732 869 capite
757 777 995 914 aucupantium
1020 801 1106 870 saepe
1131 788 1226 847 cacae

158 878 268 948 metu²
271 864 441 949 ³.sedeant
461 880 495 949 Si
515 879 558 949 ad
569 879 712 948 nidum
703 905 730 950 rs
742 881 861 976 coeprt
862 870 1065 966 ⁴accedere,
1086 899 1258 976 procons

159 987 204 1054 rit
220 984 263 1054 ad
279 985 379 1080 pedes
404 989 474 1078 ejus
496 971 599 1056 feta²⁵
606 1040 617 1075 ,
642 1011 846 1082 praegravcm
868 999 927 1058 aut
942 987 1130 1059 delumbem
1153 1013 1222 1059 sese

159 1090 336 1175 simulans,
355 1091 560 1222 subitoque
550 1117 584 1161 m
607 1115 769 1186 procursu
792 1109 851 1164 aut
867 1094 962 1163 brevi
979 1093 1091 1189 aliquo
1113 1093 1224 1165 volatu

159 1197 265 1286 cadit,
282 1183 421 1268 ΐιιιοια16
436 1213 495 1268 aut
511 1197 563 1267 ala
574 1212 633 1267 aut
649 1198 810 1293 pedibus:
824 1202 992 1296 procurrit
1007 1202 1144 1286 iterum,
1155 1205 1223 1295 jam

156 1305 227 1396 jam
240 1303 482 1398 prehensurum
496 1303 676 1400 effugiens,
696 1327 855 1401 spemque
869 1307 1050 1394 frustrans,
1068 1306 1199 1376 donec'
1189 1332 1224 1374 ιιι

158 1411 326 1479 diversum
343 1409 487 1479 abducat
501 1435 521 1479 a
536 1409 632 1479 nidis.
655 1411 781 1484 Eadem
811 1436 936 1508 pavore
942 1411 966 1453 ⁷
980 1410 1082 1481 libera
1097 1435 1138 1482 ac
1154 1435 1225 1482 ma·

158 1630 217 1666 rem
230 1609 266 1666 ad
278 1629 306 1666 sc
321 1612 417 1666 nititur
431 1613 550 1668 allicere.
566 1612 665 1668 Aristo.
714 1614 797 1681 elabi,
820 1615 1023 1687 periculumque
1042 1613 1132 1667 vitare.
1154 1614 1224 1668 Nem

158 1689 227 1744 fflst.
240 1691 287 1744 lib.
302 1691 359 1756 IX,
372 1711 430 1764 cap.
449 1711 481 1746 ta
492 1729 500 1755 ,
512 1711 572 1764 pag.
587 1693 669 1763 1037.
713 1701 850 1768 πανοῦργον
862 1695 940 1766 ὅρνιαν
955 1690 1043 1765 πέρδιξ
1056 1695 1118 1762 leri.
1135 1693 1221 1746 Rhod.

159 1771 236 1840 Sape
250 1771 346 1836 etiam,
360 1771 463 1842 inquit,
476 1771 608 1842 scaligero
623 1772 671 1824 in·
713 1773 824 1840 xxtx,
841 1778 886 1829 νδ.
903 1775 1005 1828 Diua.

160 1863 294 1920 terprete,
323 1850 421 1904 femina
449 1851 595 1918 incubans,
623 1852 671 1906 uhi
755 1857 803 1908 αδ.
815 1853 891 1907 cadit
895 1855 988 1920 fracte.
1000 1852 1107 1905 Rectius
1118 1851 1223 1916 somn,

158 1928 671 1986 maremadrenstricemleminamscee·
713 1931 915 2001 eedltutsrscta.
929 1934 1020 1986 Hsan.

158 2007 224 2063 dere
231 2011 391 2086 perceperp't,
399 2011 491 2081 surgit,
499 2022 672 2064 etoccurrens
754 2031 800 2082 ²7·
817 2013 911 2065 Eadem
926 2014 980 2082 jam
996 2029 1086 2082 pavore
1106 2010 1180 2061 litem
1193 2029 1223 2059 ac

159 2089 296 2154 subsistit,
312 2101 343 2142 ut
360 2091 464 2144 ineatur
483 2089 670 2162 abstrahatque
712 2103 822 2144 materno
833 2105 936 2146 ceraste
947 2110 1014 2143 cura.
1026 2090 1132 2144 Rectius
1152 2089 1224 2140 :Ea-

159 2168 414 2223 illumavcnatrloc.
420 2171 509 2222 Hinc.
710 2171 764 2224 das
785 2175 812 2223 in
834 2191 925 2242 parom
943 2171 1035 2234 libem,
1061 2187 1091 2219 ee
1116 2177 1223 2219 matema

201 2249 246 2302 23.
258 2248 413 2302 Coecoemetn.
424 2249 578 2320 llooipsum
589 2249 670 2302 refert
710 2269 809 2304 mens.
834 2253 897 2304 Nou
924 2250 995 2303 enim
1022 2259 1128 2312 namt,
1156 2245 1222 2318 quid

159 2329 240 2382 Arist.
252 2329 305 2381 loo.
319 2328 362 2382 cit.
372 2328 425 2382 Sed
437 2328 476 2380 ibt
490 2327 558 2381 nrlnl
568 2326 603 2380 de
615 2346 671 2380 me
710 2330 805 2401 perdix
824 2331 909 2384 lacere
931 2328 1014 2382 soleat
1035 2326 1151 2384 abducto
1174 2343 1223 2397 per

159 2406 332 2461 ausemundi
345 2406 491 2478 cupiditate
506 2406 534 2460 id
546 2406 604 2459 fieri
617 2419 669 2460 tra·
711 2407 805 2462 dolum
827 2429 843 2465 α
865 2408 937 2462 nidis
951 2399 1076 2478 aucupe(
1083 2425 1145 2458 uem
1159 2418 1223 2457 tunc

159 2485 209 2540 dit.
230 2487 331 2540 Vooem
352 2487 421 2540 hano
438 2499 524 2540 tamen
547 2499 669 2539 comtan·
710 2488 803 2542 volans
820 2507 849 2542 se
863 2483 1007 2559 proripit),
1027 2484 1073 2538 sed
1086 2504 1140 2556 quo
1153 2486 1225 2555 inge·

156 2566 328 2620 trssrmehbrt
337 2585 428 2620 omues
435 2579 588 2637 agnoscunt.
596 2564 669 2631 Qurd
710 2568 756 2622 nio
768 2568 892 2622 adversus
904 2567 982 2620 illum
1002 2565 1101 2636 alioqui
1118 2576 1223 2625 utatur,

160 2645 258 2700 siisr'tu
271 2645 357 2718 legas?
371 2646 461 2699 Hann.
710 2660 851 2719 quamam
870 2664 926 2699 nou
948 2646 1030 2698 hahet
1051 2644 1154 2716 pullos,
1179 2655 1226 2695 aut

203 2732 248 2789 sd.
264 2725 294 2778 δι’
304 2725 339 2778 ad
354 2725 443 2778 nidum.
460 2725 540 2779 Arist.
556 2725 607 2781 loc.
622 2724 667 2780 oit.
709 2727 788 2799 longe
803 2727 854 2781 alio
868 2727 929 2780 loco
951 2725 1040 2777 babet.
1059 2725 1166 2777 Graan.
1184 2752 1224 2761 —

159 2823 219 2876 pag.
232 2805 303 2868 1034
310 2803 459 2871 3Plutarcb·
470 2805 516 2858 lib.
527 2803 562 2857 de
572 2805 667 2858 Solert.
710 2807 807 2860 Eadem
827 2825 917 2878 pavore
939 2805 1030 2869 libera,
1055 2823 1085 2854 ac
1117 2813 1224 2853 matema

159 2885 276 2938 Animal.
292 2903 352 2957 pag.
371 2903 438 2955 97¹·
459 2884 521 2938 Nou
535 2883 668 2956 inelegans
709 2906 802 2940 caeam
815 2905 887 2951 cara,
901 2887 926 2937 r‘a
944 2884 1010 2936 culeo
1027 2885 1137 2954 resupina
1152 2882 1223 2952 gleba

160 2963 241 3036 hujus
259 2965 311 3018 loci
330 2965 466 3018 Soliuians
484 2964 667 3036 paraphrasis,
710 2987 736 3018 se
749 2965 927 3038 oenoepedibm
936 2964 1081 3036 approbem
1095 2965 1179 3032 operit.
1191 2959 1224 3012 Id

160 3044 669 3137 cap.v11:·Siqu1shomrnum1n·
710 3064 843 3100 veronon
864 3044 1011 3108 dematre
1031 3041 1076 3096 sed
1096 3039 1225 3111 depellis

161 3124 232 3196 quit,
245 3123 292 3176 ubi
304 3124 432 3178 incubant
439 3123 670 3196 ,propinquabit,
710 3145 775 3199 ipsis
787 3128 869 3180 refert
880 3124 1003 3188 Solinus,
1014 3140 1038 3176 c.
1053 3139 1095 3174 νιι
1104 3139 1154 3191 ,.ρ
1167 3125 1222 3182 al:

159 3221 269 3275 egresse
296 3215 392 3257 ιιιαιιεν
423 3204 589 3258 venientibus
613 3221 669 3257 sese
713 3207 820 3260 ι’Νεο
813 3225 841 3259 ιιι
864 3204 959 3276 pullis,
982 3202 1083 3273 inquit,
1104 3160 1224 3253 lendium

143 3289 256 3353 'sponte
269 3283 401 3348 offerunt,
416 3294 443 3336 et
459 3283 579 3336 simrdsts
593 3280 669 3335 dehi·
712 3287 817 3358 segnius
834 3283 866 3338 sd
881 3279 1046 3337 cavendum.
1057 3279 1224 3352 quumenim

159 3363 235 3416 litate
238 3321 413 3456 ,velperluuh
417 3363 569 3417 relalarum
578 3362 670 3434 ,quasi
711 3367 781 3420 visos
801 3385 830 3419 se
853 3361 1062 3434 persentiscunt,
1079 3357 1226 3428 resupinati

118 3509 123 3518 .
160 3443 248 3496 statim
262 3461 320 3514 capr
329 3456 443 3514 possent
454 3460 557 3515 gressm
565 3442 671 3513 lingunt
711 3445 829 3517 glebulas
839 3441 954 3515 pedibus
965 3440 1099 3504 attollunt
1112 3439 1225 3515 quaru‘m

160 3521 297 3576 ter-diores.
309 3523 368 3574 Hoc
379 3521 517 3576 mendaoio
529 3522 670 3576 sollicitant
711 3526 823 3579 obtentu
833 3537 889 3577 tam
895 3519 989 3575 callide
998 3529 1184 3592 proteguntur,
1194 3529 1225 3590 ιιι

161 3601 270 3668 obvios,
278 3615 304 3656 et
315 3599 442 3668 eludunt,
451 3600 541 3675 quoad
550 3603 669 3675 provecti
711 3604 811 3658 lateant
820 3603 900 3656 etiam
911 3600 1079 3678 deprehensi.
1092 3624 1104 3646 ι
1118 3597 1228 3650 Rectius

159 3681 291 3752 longiusa
305 3679 565 3736 nidisavooentur.
582 3682 669 3736 Habet
713 3684 798 3737 multo
808 3682 910 3735 Plinius
918 3681 985 3753 ,qui
1003 3681 1093 3751 pullos
1102 3679 1171 3730 hane
1187 3693 1227 3727 ar·

160 3761 218 3814 lsaec
235 3779 343 3836 quoque
362 3761 555 3826 Callimachus,
571 3762 619 3814 lib.
634 3759 668 3814 de
713 3777 766 3817 tem
790 3762 940 3817 occultandi
969 3777 1025 3813 sese
1052 3778 1068 3812 a
1098 3755 1227 3809 matribus

159 3841 262 3894 Avibus
269 3839 365 3913 ,apud
375 3843 472 3895 Athen.
483 3842 531 3895 lib.
542 3842 583 3894 lx
590 3859 668 3914 ‚.pcg
712 3841 818 3896 edoceri
841 3841 985 3912 significat,
1006 3837 1071 3891 dum
1091 3846 1226 3890 avenaio·

161 3923 225 3988 389.
237 3881 328 3974 Hirro.
711 3921 786 3976 ribus
808 3922 875 3975 nihil
902 3921 953 3973 sibi
976 3916 1134 3970 insidiarum
1155 3912 1224 3965 suni

201 3999 249 4054 εὖ.
263 4001 390 4054 Procurrit
403 4002 438 4054 ad
446 4001 519 4072 pedes
527 4003 600 4068 sta,
617 4014 667 4054 ete.
712 4003 812 4057 sentit:
840 4019 870 4054 ac
884 3997 990 4071 prolis'
981 3993 1156 4053 institutioni,
1164 4009 1221 4044 ma-

159 4079 229 4133 lnde
246 4079 338 4132 lictum
355 4082 527 4152 Aristophani
544 4082 571 4133 in
587 4043 665 4133 hvib.
713 4095 846 4153 ternasque
870 4091 947 4133 vacat
971 4094 1053 4130 curse.
1070 4072 1226 4127 Itsl’lutse-

159 4160 271 4222 verbum
283 4157 471 4231 ιαπνρδανῖζινν,
484 4160 512 4214 id
523 4173 570 4227 est,
583 4173 668 4215 astute
712 4163 787 4232 chus,
800 4162 850 4216 lib.
862 4159 897 4213 de
910 4158 1006 4213 Solert.
1014 4155 1101 4209 Anim.
1112 4171 1140 4224 p.
1149 4169 1203 4224 ⁹7¹
1220 4163 1233 4204 t

1036 4245 1101 4360 19³
