3200 5159
371 474 444 524 aco
633 453 673 519 C.
701 448 875 519 PLINII
903 447 1012 517 Nat,
1041 449 1171 516 HIST.

370 600 553 677 terraeque,
570 583 637 676 jam
656 596 751 677 parte
768 581 918 674 corporis
936 582 1103 668 viventes,
1123 582 1301 650 novissima
1328 579 1440 677 effigie

369 691 552 782 etiamnum
570 703 710 758 terrena.

341 818 353 854 ¹
427 799 552 865 Lxxx
561 797 601 862 V.
626 785 738 888 (nix.)
759 797 829 863 Nec
845 793 886 861 de
901 792 1014 861 anthia
1041 793 1132 886 pisce
1157 792 1243 862 sileri
1264 795 1441 882 convenit,
1465 826 1467 829 ·

374 928 447 996 quae
460 901 634 997 plerosque
644 901 781 969 adverto
795 898 981 970 credidisse.
996 897 1207 968 Chelidonias
1221 898 1343 970 insulas
1358 901 1442 969 dixi·

376 1007 470 1077 mus¹
492 1009 592 1094 Asiae,
612 1005 776 1102 scopulosi
798 1003 935 1089 maris²‚
956 1019 1033 1073 ante
1053 1007 1318 1099 promontorium
1340 1008 1442 1076 sitas:

376 1115 422 1184 ibi
444 1113 598 1208 frequens
621 1113 676 1182 hio
701 1115 798 1208 piscis
823 1126 858 1181 et
878 1110 1028 1180 celeriter
1051 1097 1196 1205 capitur³
1220 1137 1287 1180 uno
1312 1137 1443 1207 genere.

377 1223 485 1288 Parvo
508 1221 659 1314 navigiO,
682 1235 717 1289 et
734 1217 904 1289 concolori
929 1232 1040 1304 veste,
1065 1217 1248 1312 eademque
1274 1218 1359 1288 bora
1386 1243 1446 1314 per

379 1314 504 1420 aliquot
534 1325 602 1395 dies
628 1327 804 1396 continuos
831 1326 976 1418 piscator
1005 1325 1160 1419 enavigat
1191 1339 1283 1394 certo
1304 1317 1446 1420 spatio,

378 1457 554 1526 escamque
570 1433 711 1527 projicit.
728 1430 900 1524 Quidquid
914 1455 954 1498 ex
969 1453 1010 1499 eo
1022 1431 1181 1515 mittitur,
1191 1447 1344 1525 suspecta
1357 1432 1448 1500 fraus

379 1539 499 1634 praedae
515 1541 584 1607 est:
595 1561 782 1632 cavensque
799 1535 890 1631 quod
908 1537 1034 1621 timuit,
1049 1560 1152 1630 quum
1167 1538 1200 1606 id
1219 1563 1304 1631 saepe
1322 1537 1447 1606 factum

379 1659 444 1729 est,
464 1670 549 1720 unus
567 1643 743 1738 aliquando
757 1641 995 1713 consuetudine
1013 1643 1449 1731 invitatusanthias,escam

300 1825 304 1836 ,
349 1789 363 1823 2
381 1753 517 1847 appetit.
540 1752 685 1820 Notatur
713 1750 768 1820 hic
798 1751 981 1828 intentione
998 1747 1162 1842 diligenti,
1178 1765 1217 1818 ut
1231 1764 1347 1819 auctor
1365 1751 1451 1844 spei,

383 1856 641 1951 conciliatorque
651 1871 806 1952 capturae.
821 1855 939 1948 Neque
952 1855 1042 1922 enim
1051 1870 1101 1925 est
1108 1855 1374 1949 difficile,quum
1391 1881 1452 1950 per

384 1963 509 2058 aliquot
528 1963 598 2034 dies
615 1963 704 2033 solus
724 1961 883 2033 accedere
896 1961 1024 2030 audeat.
1037 1961 1187 2036 Tandem
1206 1977 1240 2033 et
1252 1961 1380 2056 aliquos
1399 1964 1453 2030 in-

384 2071 493 2156 venit,
514 2069 737 2164 paulatimque
762 2068 967 2150 comitatior,
986 2083 1154 2161 postremo
1178 2093 1295 2162 greges
1318 2068 1454 2138 adducit

385 2178 592 2263 innumeros,
611 2176 679 2270 jam
702 2175 928 2243 vetustissimis
947 2173 1133 2279 quibusque
1150 2175 1286 2243 assuetis
1309 2174 1452 2272 piscato-

387 2307 457 2350 rem
471 2307 650 2376 agnoscere
662 2336 671 2369 ,
683 2297 716 2351 et
731 2305 750 2350 e
770 2305 871 2362 mauu
880 2277 993 2348 cibum
1009 2304 1136 2373 rapere.
1151 2283 1238 2349 Tum
1251 2279 1305 2348 ille
1317 2279 1454 2374 paulurn

386 2387 473 2457 ultra
494 2388 614 2482 digitos
636 2391 670 2458 in
697 2411 772 2456 esca
795 2384 960 2479 jaculatus
986 2385 1141 2471 hamum,
1164 2385 1311 2480 singulos
1330 2385 1458 2456 involat

387 2497 497 2563 verius
515 2519 614 2588 quam
630 2496 736 2589 capit,
755 2493 797 2561 ab
813 2491 933 2563 umbra
946 2493 1039 2560 navis
1055 2493 1149 2562 brevi
1166 2480 1299 2562 conatu⁴
1309 2495 1456 2587 rapiens,

389 2602 434 2669 ita
459 2625 501 2670 ne
522 2603 632 2670 caeteri
659 2601 823 2686 sentiant,
852 2596 917 2665 alio
938 2597 1026 2666 intus
1053 2601 1237 2694 excipiente
1261 2600 1458 2668 centonibus

356 2734 372 2786 3
391 2722 538 2801 raptum,
552 2732 595 2776 ne
614 2705 785 2801 palpitatio
804 2704 943 2773 ullaaut
961 2728 1061 2773 sonus
1079 2719 1216 2774 caeteros
1232 2705 1458 2798 abigat.Con·

391 2813 572 2882 ciliatorem
584 2838 680 2882 nosse
694 2811 736 2881 ad
748 2812 815 2880 hoc
827 2809 977 2905 prodest,
994 2835 1037 2880 ne
1054 2813 1218 2907 capiatur,
1239 2798 1409 2906 fugituro⁵
1425 2813 1459 2878 in

392 2963 562 3018 aua'llumina
579 2963 698 3016 reddidit
712 2962 800 3027 alveo,
812 2963 904 3015 AEthe·
947 2975 978 3014 ut
988 2964 1158 3017 consentiunt
1170 2961 1253 3016 hodie
1267 2965 1439 3018 aootomistae.

393 3062 491 3115 reoque
502 3063 594 3098 recens
606 3045 701 3106 exarsit
713 3042 799 3096 sidere
807 3043 903 3099 limus,
989 3043 1128 3110 LXXXV.
1147 3063 1172 3096 1.
1188 3045 1311 3095 Dicimus.
1327 3044 1411 3115 Libro
1425 3045 1461 3110 V,

394 3125 512 3176 Plurima
538 3124 653 3177 cultores
677 3123 759 3176 versis
784 3122 906 3176 animalia
949 3139 1008 3192 cap.
1026 3122 1073 3175 35.
1087 3123 1179 3176 Haan.

394 3203 476 3273 glebis
490 3204 650 3266 inveniunt:
667 3216 692 3256 et
702 3202 776 3254 iuliis
784 3201 906 3272 quadarn
992 3222 1016 3253 2.
1028 3200 1154 3272 Scopulosi
1162 3209 1243 3256 maris.
1257 3205 1308 3257 Eas
1319 3215 1462 3274 propterea

396 3281 476 3336 modo
497 3296 583 3354 coepta
599 3302 647 3354 per
666 3283 752 3354 ipsum
774 3279 908 3336 Nascendi
950 3281 1136 3360 navigantibus
1154 3301 1209 3335 esse
1225 3284 1362 3354 pestiferas
1383 3301 1462 3354 supra

396 3364 523 3433 spatium:
535 3361 655 3434 quaedam
666 3361 832 3432 imperfecta,
842 3361 908 3413 suis·
952 3359 1019 3413 dicit
1032 3361 1081 3414 lib.
1092 3361 1130 3426 V,
1150 3381 1208 3433 cap.
1230 3364 1275 3416 13.
1291 3366 1395 3416 Darae.

396 3460 450 3513 que
475 3443 582 3494 Trunca
605 3441 697 3494 vident
720 3442 861 3494 numeris:
882 3452 909 3493 et
994 3438 1307 3511 &Cupitunbnthiarum
1315 3454 1463 3513 capturam,

285 3551 292 3566 ·
397 3520 492 3574 eodem
511 3539 624 3592 corpore
646 3540 715 3592 saepe
738 3521 828 3574 Altera
850 3538 910 3590 pars
952 3519 1033 3590 paulo
1049 3513 1125 3572 aliter
1139 3520 1261 3591 quidem,
1283 3523 1464 3593 subeleganti

397 3601 479 3666 vivit,
500 3599 576 3653 rudis
594 3611 633 3653 est
647 3619 708 3670 pars
721 3601 803 3653 altera
818 3599 909 3664 tellus,
953 3601 1070 3652 rumine
1086 3598 1214 3653 describit
1233 3601 1389 3671 Oppianus,
1413 3603 1466 3652 Ha·

397 3695 448 3734 etc.
458 3680 667 3736 --Traduutur
679 3678 771 3732 eadem
783 3698 797 3731 a
808 3677 909 3731 Diodo-
953 3679 1028 3732 licut.
1048 3680 1096 3733 lib.
1107 3680 1165 3745 111,
1180 3698 1217 3732 vs.
1234 3680 1288 3733 305
1306 3692 1333 3732 et
1344 3698 1418 3751 seqq.
1430 3680 1464 3733 H.

397 3779 440 3824 ro,
449 3758 643 3824 Mela,0vidio.
653 3759 688 3810 Et
698 3777 746 3810 nos
753 3758 910 3811 animalcula
996 3764 1024 3821 Δ.
1041 3760 1138 3811 &nutri
1150 3763 1252 3829 rapiens.
1267 3759 1397 3811 Anthium
1415 3761 1466 3813 sci·

396 3839 512 3892 vidimus
533 3857 548 3890 e
566 3838 639 3908 ligno
656 3838 730 3907 putri
747 3837 848 3908 pariter
869 3837 910 3888 in·
954 3837 1032 3890 licet:
1047 3856 1109 3890 mox
1123 3839 1193 3891 euim
1203 3837 1275 3891 idem
1290 3839 1392 3891 Plinius
1402 3840 1466 3892 sub·

396 3921 501 3981 choata,
511 3920 564 3988 jam
574 3917 912 3988 parteccrporisvirentia,
953 3917 1026 3986 jicit,
1038 3918 1174 3969 centom'bus
1189 3931 1290 3988 mptum.
1306 3920 1399 3971 Haan.

396 4000 635 4052 novissimaearum
644 4009 718 4068 parte
727 3995 814 4048 adhuc
824 3996 910 4066 lignea
997 3997 1022 4048 5.
1045 3996 1166 4065 Fugituro
1191 4001 1216 4048 ia
1245 3997 1360 4068 reliquum
1382 4017 1465 4067 grege.

395 4099 485 4132 sensus
498 4092 615 4150 experte.
629 4075 815 4133 H.,-0mnia
830 4076 911 4139 falso,
955 4076 1029 4127 Libri
1044 4095 1137 4128 omnes
1146 4075 1210 4130 editi
1221 4077 1318 4147 itapraa
1327 4095 1355 4130 se
1367 4078 1467 4142 ferunt,
