3200 5159
372 524 436 609 ns
637 524 676 590 c.
701 520 871 589 estun
895 520 1002 589 nar.
1027 520 1159 588 nrsr.

367 655 494 725 editur:
507 650 641 720 undeet
655 649 906 737 causamini,
919 634 1140 719 rotunditate⁵
1153 650 1219 719 oris
1234 650 1268 717 in
1282 650 1433 744 margine

334 761 479 830 sincisa.
511 756 661 827 Alterum
683 781 832 851 purpura
856 770 1016 843 vocatur,
1038 740 1273 824 cuniculatim⁶
1293 780 1431 850 procur-

368 880 462 935 rente
485 878 610 950 rostro,
634 877 669 932 et
690 859 833 931 cuniculi
855 860 956 931 latere
981 863 1143 931 introrsus
1163 859 1350 948 tubulat07,
1366 884 1432 956 qua

367 971 556 1067 proferatur
581 968 702 1063 lingua.
725 971 886 1037 Praeterea
921 952 1103 1037 clavatum⁸
1125 981 1176 1036 est
1200 965 1242 1035 ad
1263 967 1432 1037 turbinem

368 1102 489 1171 nsque,
511 1074 632 1145 aculeis
649 1076 683 1143 in
701 1074 816 1143 orbem
839 1074 981 1168 septenis
999 1072 1088 1161 fere,
1101 1074 1158 1169 qui
1170 1098 1240 1142 non
1253 1087 1330 1143 sunt
1347 1073 1431 1143 buc·

368 1186 444 1253 cino
471 1209 479 1250 ι
502 1181 561 1251 sed
582 1179 752 1274 utrisque⁹
772 1178 870 1249 orbes
898 1179 1063 1267 totidem,
1094 1193 1177 1274 quot
1197 1179 1343 1249 habeant
1372 1204 1431 1248 au-

367 1368 422 1421 cuti
442 1385 539 1419 sumus.
553 1364 592 1417 Ut
611 1361 754 1416 buccinum
766 1362 877 1434 proprie
963 1380 989 1431 7.
1003 1360 1131 1416 Tabulata.
1142 1362 1252 1430 Pervio,
1264 1362 1432 1435 fistulatoque

367 1436 549 1517 hujuscemodi
562 1444 724 1496 concharum
737 1442 770 1495 sit
780 1460 877 1506 sonus,
921 1441 1065 1507 introrsus,
1076 1442 1106 1495 iu
1114 1442 1199 1494 tubuli
1210 1460 1326 1507 morem,
1335 1462 1366 1496 ex
1377 1462 1432 1514 quo

368 1527 408 1581 uti
427 1526 551 1579 tubarum
571 1523 715 1576 classicum.
728 1522 819 1575 Hssu.
837 1550 878 1567 -
921 1538 1040 1575 exserere
1054 1539 1085 1573 ac
1098 1522 1219 1593 proferre
1231 1522 1349 1593 linguam
1368 1541 1432 1594 pur·

368 1607 415 1658 Ad
427 1604 603 1657 similitudinem
619 1604 677 1673 ejus.
694 1602 758 1673 Ejus
777 1600 879 1655 scilicet
920 1619 994 1673 purat
1014 1601 1127 1655 valeant.
1144 1599 1268 1672 Effigiem
1282 1598 1432 1673 'videspud

368 1686 490 1748 conchas,
502 1684 553 1736 hoc
565 1695 602 1735 est
610 1722 618 1745 ,
627 1682 697 1735 tubas
708 1699 760 1752 qua
770 1678 878 1733 buccini
920 1677 1061 1733 Bondelet.
1073 1678 1107 1732 de
1122 1682 1226 1735 Testae.
1240 1680 1286 1733 tib,
1302 1681 1344 1746 11,
1355 1700 1380 1735 c.
1397 1700 1411 1734 s
1424 1720 1432 1747 ,

368 1782 450 1818 sonus
467 1758 562 1816 editur.
584 1762 653 1816 Nam
669 1771 696 1813 et
714 1760 814 1813 concha
827 1778 877 1831 pro
920 1779 979 1831 pag.
992 1763 1040 1822 64.
1052 1760 1142 1813 llsun.
1162 1790 1202 1802 -
1222 1762 1279 1830 (lua
1292 1762 1433 1832 profit-atur

368 1846 430 1897 tuba
446 1842 553 1896 dicitur.
570 1840 664 1902 idem,
677 1856 736 1910 cap.
751 1840 785 1892 52
797 1878 805 1904 ‚
816 1839 878 1892 elias
921 1840 1013 1909 lingua
1034 1838 1096 1891 Non
1114 1839 1203 1909 lingas
1220 1840 1293 1892 hunc
1312 1840 1432 1894 canalem

368 1922 434 1976 dixit
444 1941 498 1975 esse
509 1922 622 1975 conchas
628 1918 662 1971 ad
668 1919 791 1989 plausum
802 1936 878 1989 aper-
920 1931 1042 1989 occupat,
1048 1916 1093 1971 sed
1105 1917 1225 1989 quaedam
1239 1919 1320 1989 pallio
1330 1918 1433 1990 produ·

369 2016 419 2065 tas,
441 2002 502 2054 alias
520 1999 554 2052 ad
574 1999 718 2051 buccinum
738 2015 877 2061 recurvas,
920 1997 989 2063 ctio,
1010 2000 1085 2067 cujus
1104 1996 1133 2050 id
1157 1997 1279 2051 officium
1298 2010 1337 2051 est
1356 1998 1432 2052 utin

367 2082 494 2144 horest,
517 2078 552 2131 ad
576 2078 682 2131 baccini
702 2095 809 2130 sonum.
830 2078 878 2129 Est
919 2077 1058 2130 branchias
1068 2075 1180 2131 ducatur
1188 2076 1305 2148 aqua,a‹l
1313 2077 1433 2150 spirandi

368 2161 439 2213 enim
453 2158 596 2213 buccinum
607 2176 662 2209 non
669 2158 876 2209 instrumentum
919 2158 989 2210 vices
1004 2156 1165 2227 supplendas
1175 2158 1327 2211 necessaria.
1342 2156 1411 2212 Cur.

368 2238 462 2305 modo,
486 2239 557 2292 tubae
577 2236 679 2302 simile,
699 2255 753 2308 quo
773 2236 876 2305 siguum
961 2235 1432 2309 &ClarorumGenusillud,inquit,

367 2318 456 2385 datur,
468 2316 515 2371 sed
532 2330 561 2370 et
570 2334 649 2369 sonus
661 2316 733 2386 ipse,
748 2334 833 2386 aquo
847 2314 877 2369 id
921 2316 963 2367 cui
978 2316 1109 2386 peculiare
1124 2334 1248 2387 purpuras
1262 2334 1360 2369 nornen
1374 2329 1430 2383 est,

367 2399 481 2451 buccino
493 2414 592 2449 nornen
604 2414 611 2447 ε
623 2413 686 2447 uam
701 2392 748 2447 tou
761 2394 808 2445 bcu
819 2393 877 2446 red-
920 2394 1017 2448 aculeis
1037 2394 1211 2465 quibusdam,
1226 2413 1275 2449 ceu
1291 2395 1372 2449 clavis
1382 2414 1427 2449 or·

367 2476 415 2530 dit.
429 2476 505 2530 Idem
517 2474 630 2538 Plinius,
644 2473 691 2527 lib.
700 2474 817 2544 X1,cap.
834 2490 876 2539 ro,
919 2473 1218 2545 dinepositismunitur‚
1227 2475 1254 2527 iu
1267 2475 1361 2528 orbem
1373 2474 1429 2529 lere

367 2555 401 2610 de
410 2557 505 2627 apibus
518 2575 525 2606 ε
540 2582 551 2603 ι
563 2556 655 2606 Donec
663 2572 716 2606 una
727 2552 823 2606 excitet
837 2571 877 2623 ge-
920 2554 1043 2623 septenis.
1054 2552 1144 2607 itinn.

368 2636 442 2689 mino
463 2649 508 2689 ant
524 2633 622 2705 triplici
636 2632 754 2699 bombo,
767 2644 798 2685 ut
810 2632 876 2686 buc·
960 2652 987 2701 9.
1001 2632 1052 2687 Sed
1059 2636 1171 2705 aerisque.
1181 2634 1379 2705 purpurarum,
1390 2634 1432 2688 in·

367 2716 429 2778 cino
443 2715 542 2787 aliquo.
552 2739 563 2761 υ
581 2712 642 2766 sive
656 2712 785 2767 buccinna
793 2730 876 2783 porro
920 2714 990 2784 quit,
1004 2726 1031 2766 et
1043 2712 1216 2766 buccinorum
1236 2715 1430 2767 incrementum

368 2794 514 2847 masculino
534 2810 643 2865 genere,
664 2804 695 2844 nt
712 2791 810 2856 aiunt,
830 2810 877 2845 seu
919 2791 1028 2861 singulis
1040 2792 1117 2845 annis
1131 2810 1179 2861 per
1199 2794 1277 2847 orbes
1290 2804 1370 2865 patet.
1386 2792 1431 2845 Sic

368 2885 463 2927 neutro
474 2874 618 2925 buccinum
630 2869 743 2936 dicatur,
756 2870 824 2923 nihil
834 2872 876 2923 in·
920 2871 1026 2926 Aristot.
1039 2870 1108 2925 Hist.
1119 2871 1208 2925 Anius.
1221 2872 1268 2925 lib.
1281 2874 1318 2937 V,
1332 2890 1356 2926 c.
1376 2878 1427 2935 14,

368 2966 456 3007 terest.
466 2952 554 3005 Hero.
569 2982 608 2995 -
621 2951 780 3003 licerinum...
792 2952 876 3003 incisa.
919 2969 946 3022 p.
962 2952 1014 3019 571
1029 2939 1108 3005 :Euri
1119 2946 1149 3004 rt
1159 2950 1200 3003 καὶ
1212 2954 1227 3009 ἡ
1241 2953 1351 3023 πορφύρα
1362 2949 1403 3004 καὶ
1416 2953 1429 3004 ὅ

369 3034 485 3086 Bucciuo
508 3030 617 3103 proprie
639 3028 712 3083 dicto
731 3030 818 3090 inest.
848 3030 876 3083 iu
919 3028 991 3101 κῆρυξ
1002 3030 1128 3101 ἀμφότιροι
1139 3028 1291 3100 protere...
1307 3030 1361 3083 καθ’
1375 3033 1434 3083 ixa·

369 3127 444 3181 parte
457 3111 549 3164 infima
562 3109 622 3163 ostii
634 3108 753 3173 concha,
766 3108 877 3175 incisio,
921 3129 978 3162 aros
993 3111 1099 3163 interris
1114 3110 1205 3180 φανερά
1219 3112 1313 3169 innisi
1329 3110 1429 3173 αὔξησις

371 3211 431 3262 quie
440 3192 575 3253 character
586 3187 687 3259 generis
699 3200 745 3242 est.
758 3189 877 3241 Curras.
920 3194 970 3249 τοῖς
981 3184 1139 3259 διαστήμασι
1154 3192 1204 3250 τοῖς
1222 3190 1246 3242 le
1261 3196 1297 3260 τῷ
1314 3190 1427 3259 ὀστράκῳ

411 3270 437 3325 ⁵.
458 3268 614 3322 [iocunditate
626 3271 675 3319 oris
689 3271 714 3319 in
725 3272 833 3338 margins
843 3271 879 3320 ir·
920 3275 965 3330 τῆς
977 3271 1061 3325 ἕλικος.
1070 3268 1183 3321 Orbium
1190 3267 1366 3340 appellatione
1377 3267 1430 3323 Pli-

369 3353 427 3403 risa.
447 3352 557 3402 Ioouem
575 3346 684 3400 bucciui
697 3346 752 3400 sive
768 3346 879 3401 muricis
921 3348 997 3413 nius,
1010 3348 1152 3401 amfractus
1165 3348 1223 3400 illos
1236 3347 1379 3417 significat,
1399 3348 1428 3401 iu

368 3428 542 3483 Bondeletius
553 3426 680 3498 expressit
692 3424 727 3480 ad
742 3444 875 3497 unguem,
921 3444 1040 3499 purpura
1051 3425 1186 3479 claviculis
1198 3444 1321 3498 asperos,
1333 3427 1432 3499 quibus

369 3507 403 3562 de
412 3509 515 3561 Testae.
524 3507 595 3559 libro
602 3508 641 3570 ΙΙ,
653 3506 739 3576 capite
753 3523 804 3571 rs,
816 3524 877 3577 pag.
921 3519 985 3561 testa
1002 3504 1220 3559 circumducitur.
1237 3494 1326 3569 ὲλικις
1342 3506 1430 3561 Graeci

370 3591 416 3642 81.
429 3588 521 3639 illan.
921 3585 1053 3656 appellant
1069 3602 1077 3637 :
1097 3583 1136 3638 uti
1157 3599 1184 3639 et
1203 3584 1314 3639 flexuras
1328 3587 1387 3639 illas
1400 3586 1429 3639 iu

409 3671 435 3719 6.
452 3663 877 3729 Cuniculatim.Excarato,into1-·
919 3664 1049 3735 capitibus
1057 3666 1431 3737 columnarumquasvitru·

367 3759 449 3817 toque
463 3757 567 3808 meatu,
587 3742 705 3797 cuniculi
723 3760 770 3795 seu
788 3742 875 3796 tubuli
920 3743 977 3795 rius
998 3744 1095 3797 volutas
1123 3756 1209 3799 vocat.
1233 3743 1319 3815 Negat
1342 3758 1428 3799 tamen

366 3826 455 3878 instar.
469 3825 551 3877 Arist.
563 3818 728 3890 κοχλιοιιδῶς.
742 3821 874 3874 Hsau.-
919 3821 982 3875 tab.
995 3822 1140 3889 Columna,
1161 3840 1241 3894 opere
1256 3823 1383 3895 singulari
1394 3822 1430 3877 de

366 3906 603 3974 Purprrm...rostro.
615 3901 732 3955 Murices
743 3898 871 3954 incudem
916 3902 1055 3973 Purpura,
1074 3921 1133 3973 pag.
1158 3901 1208 3967 1⁵,
1223 3915 1325 3955 certum
1346 3904 1430 3959 onus

365 3984 405 4036 sui
421 3995 496 4053 parte
510 3982 627 4035 canalem
645 3992 748 4034 rectum
765 3981 873 4047 habent,
915 4000 1097 4052 purpurarum
1119 3992 1166 4035 aut
1186 3982 1292 4036 buccini
1312 3984 1372 4036 duci
1393 4002 1426 4037 ex

365 4076 391 4115 et
403 4064 448 4133 qui
460 4062 488 4115 iu
501 4058 694 4130 longitudinem
707 4059 870 4129 aliquantum
916 4080 1009 4114 eornm
1028 4061 1136 4115 orbium
1153 4080 1266 4115 numero
1284 4080 1426 4132 argumen-

363 4153 448 4211 patet.
464 4142 583 4195 Cutina.
916 4152 974 4193 turn
983 4158 1073 4211 posse:
1083 4140 1194 4195 totidem
1207 4159 1222 4197 a
1235 4159 1263 4193 se
1276 4139 1426 4211 deprehen·
