3200 5159
494 495 499 502 ’
600 516 753 588 traua
776 519 818 587 x.
1173 517 1244 592 305
1332 625 1336 632 Ι

177 653 257 723 item
286 651 460 730 luscinias,
484 675 593 745 graeco
622 667 720 747 atque
757 651 861 722 latino
900 675 1052 719 sermone
1090 651 1241 724 dociles:

178 772 337 852 praeterea
353 757 549 826 meditantes
569 759 604 826 in
620 758 727 845 diem,
745 774 779 828 et
799 756 928 826 assidue
950 781 1037 824 nova
1054 756 1242 851 loquentes,

178 863 328 959 longiore
346 866 446 932 etiam
466 878 632 933 contextu.
664 867 839 934 Ducentur
859 877 1003 948 secreto,
1021 878 1055 932 et
1074 863 1131 932 ubi
1152 865 1242 935 nulla

178 967 241 1038 alia
259 994 326 1038 vox
341 971 533 1054 misceatur,
555 969 718 1040 assidente
739 972 796 1064 qui
818 969 936 1039 crebro
964 968 1054 1039 dicat
1081 994 1140 1058 ea,
1169 997 1242 1066 quar

178 1075 313 1145 condita
330 1074 425 1162 velit,
440 1099 480 1145 ao
495 1075 575 1146 cibis
592 1075 790 1146 blandiente.

231 1173 444 1269 LX.(xn111.)
457 1181 629 1251 Reddatur
642 1184 795 1252 etcorvis
809 1206 868 1251 sun
884 1182 1003 1276 gratia,
1018 1180 1242 1275 indignatione
1263 1217 1275 1250 1
1368 1198 1370 1203 '

178 1311 310 1382 quoque
336 1285 450 1382 populi
476 1289 605 1366 romani
626 1301 769 1373 testata,
800 1313 869 1356 non
897 1286 1003 1356 solum
1030 1291 1241 1358 conscientia.
1343 1362 1346 1367 ,

178 1394 312 1463 Tiberin
330 1395 480 1488 principe
505 1419 545 1462 ex
572 1393 640 1462 fetu
663 1418 763 1488 supra
789 1398 966 1464 Castorum
986 1391 1108 1461 aedem¹
1131 1399 1243 1489 genito

178 1498 305 1594 pullus,
324 1501 359 1566 in
377 1501 562 1594 oppositam
588 1501 747 1569 sutrinam
766 1498 947 1583 devolavit,
969 1501 1067 1567 etiam
1088 1499 1244 1595 religione

178 1605 428 1674 commendatus
443 1605 583 1675 officinm
605 1605 749 1674 domino.
770 1608 804 1674 ls
822 1619 950 1674 mature
963 1607 1108 1674 sermoni
1132 1630 1242 1678 assue·
1267 1661 1270 1665 Α

178 1711 304 1795 factus,
323 1711 475 1780 omnibus
490 1713 659 1779 matutinis
676 1710 810 1781 evolans
828 1713 862 1780 in
877 1711 1020 1798 Rostra,
1038 1710 1148 1781 sorum
1167 1738 1243 1782 ver·

178 1843 249 1903 sus,
262 1817 448 1904 Tiberium,
461 1816 537 1886 dei'n
552 1819 786 1887 Germanicum
802 1833 836 1886 et
853 1820 1002 1887 Drusum
1021 1817 1168 1887 Caesares
1185 1846 1245 1914 ¹¹⁰¹.

178 1925 345 2008 minatim,
357 1947 435 1992 mox
441 1937 664 1992 transeuntem
674 1922 835 2018 populum
845 1948 927 1992 rom.
936 1922 1115 2008 salutabat,
1129 1940 1242 2018 postca

178 2029 220 2098 ad
245 2029 415 2098 tabernam
436 2053 602 2112 remeans,
620 2027 763 2123 plurium
789 2053 953 2097 annorum
974 2028 1105 2097 assiduo
1130 2031 1241 2110 officio

177 2137 395 2205 mirus.Hunc
409 2136 477 2204 sive
488 2133 696 2204 aemulatione
706 2133 1070 2227 vicinitatis²‚manceps
1083 2138 1241 2229 proximas
1260 2169 1274 2202 ι

178 2243 328 2327 sutrinae‚
339 2243 406 2310 sive
420 2241 590 2312 iracundia
602 2243 768 2328 subita,ut
776 2240 882 2309 voluit
893 2240 1013 2326 videri,
1026 2251 1242 2314 excrementis

177 2346 248 2441 ejus
277 2349 383 2442 posita
409 2345 527 2418 calceis
563 2345 714 2431 macula,
751 2347 976 2414 exanimavit:
1000 2332 1112 2415 ῑιιῐιῑιι3
1134 2347 1243 2442 plebei

177 2455 458 2541 consternatione,
476 2468 513 2522 ut
530 2455 639 2547 primo
667 2452 790 2548 pulsus¹
805 2478 846 2520 ex
871 2475 911 2520 ea
938 2453 1091 2546 regione,
1114 2479 1190 2523 mox
1209 2469 1244 2525 et

178 2561 395 2654 interemptus
414 2561 474 2642 sit,
496 2559 659 2653 funusque
682 2559 863 2626 innumeris
881 2555 950 2626 aliti
969 2557 1171 2627 celebratum
1187 2586 1243 2630 en-

177 2667 314 2760 aequus,
333 2679 537 2735 constratum
556 2665 680 2735 lentum
697 2689 796 2759 super
813 2664 1006 2758 AEthiopum
1025 2663 1167 2734 duorum
1185 2667 1244 2736 bu-

177 2865 291 2920 aliumve
308 2864 463 2919 secundum.
483 2866 562 2918 llunc
582 2883 685 2918 morem
730 2863 844 2917 Adriani
852 2864 996 2928 libertum,
1008 2865 1168 2936 appellatum
1181 2866 1244 2921 ideo

175 2945 258 3017 primi
280 2945 507 3018 deprehendimus
524 2946 552 2998 in
568 2944 686 2998 nummis
729 2944 823 2996 scribit
841 2935 1059 3014 deessens'pdsaa,
1080 2944 1152 3014 quod
1177 2962 1244 3002 esset

128 3089 133 3100 .
177 3026 218 3078 Fl.
242 3025 308 3078 Julii
333 3025 480 3079 Constantii
504 3038 532 3078 et
554 3024 593 3077 Fl.
619 3023 685 3076 Julii
714 3023 823 3090 histrio
833 3023 929 3076 veteris
938 3022 1083 3076 oomoediae.
1098 3027 1201 3080 Dsuc.

177 3105 329 3160 Constantis
343 3104 465 3158 fratrum.
480 3103 685 3157 lisam—Ha·
772 3103 829 3155 LX.
849 3118 874 3155 r.
890 3102 1018 3155 Castorum
1029 3104 1111 3154 caim.
1126 3105 1243 3176 Reginae

177 3183 266 3236 lebant
284 3196 308 3236 st
332 3183 437 3236 Caesaris
451 3186 549 3252 jurem
569 3195 686 3236 stannum.
732 3181 815 3234 Urbis
828 3193 938 3242 nemra,
953 3199 984 3232 ex
1000 3183 1029 3232 Ρ.
1044 3182 1163 3236 Victore.
1177 3185 1244 3238 Ger·

176 3263 303 3333 Papinius
324 3263 352 3314 iu
374 3263 460 3334 Sylvis
476 3283 483 3317 ι
501 3262 688 3333 s...plangat
731 3262 851 3314 manicas
869 3273 895 3313 et
920 3262 1022 3312 Drusus
1043 3261 1170 3328 Cesarea,
1196 3267 1243 3336 qui

177 3343 318 3396 Phoebeius
332 3343 385 3395 ales
402 3341 567 3413 nuditasque
585 3360 688 3394 memor
731 3353 821 3412 postea
834 3340 879 3392 bie
892 3339 1079 3410 appellantur,
1095 3342 1140 3395 ille
1157 3344 1244 3397 Nero·

177 3423 282 3494 penitus
303 3421 437 3475 dimittere
459 3441 537 3475 voces
560 3421 687 3485 Sturnos,
730 3420 772 3472 nis
789 3420 869 3472 Drusi
883 3418 1035 3472 Germanici
1050 3421 1119 3491 Imp.
1131 3422 1177 3493 qui
1189 3424 1244 3477 sm.

177 3502 313 3560 ethonin
333 3520 416 3556 versa
435 3501 578 3555 certamine
599 3499 686 3572 picas:
732 3512 771 3551 ter
793 3498 896 3551 Tiberii
907 3517 915 3563 ;
939 3498 1010 3564 iste,
1033 3499 1136 3552 Tiberii
1159 3502 1244 3572 ipsius

177 3581 285 3652 Quique
295 3581 377 3634 refert
385 3582 498 3651 jungens
510 3581 603 3634 itemta
613 3599 688 3632 voca·
731 3577 803 3631 lilius
818 3579 877 3631 fuit.
890 3578 980 3631 Hsan.

177 3661 239 3713 bule
252 3659 360 3731 perdix,
373 3662 408 3712 Et
421 3679 480 3731 quse
493 3660 611 3713 Bistonio
625 3677 688 3729 que·
775 3679 799 3712 a.
822 3658 989 3710 AEmulatsone
1008 3659 1150 3712 nutricatis.
1173 3663 1245 3727 Quia

176 3741 245 3792 ritur
253 3759 329 3793 soror
338 3740 403 3791 orbs
412 3740 503 3793 cubili.
516 3765 527 3786 ι
541 3739 596 3792 Ubi
608 3739 686 3792 etiam
731 3754 829 3809 nempe
842 3735 914 3808 apud
925 3738 1046 3790 ricinum
1058 3738 1243 3807 confluebant,
1286 3752 1289 3757 '

177 3817 313 3889 perdicem
326 3820 397 3872 inter
414 3819 517 3871 vocales
532 3819 625 3871 referri
641 3835 686 3870 su·
732 3817 829 3887 quibus
848 3817 1024 3882 barbaram,
1050 3829 1126 3871 tonsa
1151 3839 1243 3886 coms,

176 3897 227 3950 dis.
242 3899 352 3950 Et·vero
365 3898 523 3954 Plutarchus
533 3898 561 3950 in
573 3897 687 3970 Sympo-
730 3909 780 3949 etc.
789 3913 861 3967 opus
869 3908 933 3949 erat
945 3895 1055 3963 Gallice,
1067 3898 1097 3950 in
1108 3916 1137 3950 re
1146 3915 1243 3969 parum

175 3977 252 4028 aiacis
265 3995 412 4030 sermonem
429 3977 568 4031 hominum
584 3976 685 4030 discere
729 3974 845 4040 diversa,
857 3976 931 4028 aiunt
936 3977 1041 4044 jalousie
1053 3977 1085 4027 de
1095 3982 1183 4030 meter.
1194 3987 1243 4032 Aa.

176 4055 310 4127 perdicem
321 4057 443 4126 scripsit,
454 4071 483 4110 ut
493 4070 520 4110 et
529 4058 685 4120 Athenaeus,
776 4063 800 4109 3.
826 4057 907 4108 Τωιια
920 4056 1006 4126 plebei.
1021 4055 1140 4126 Antiqno
1157 4077 1244 4125 inore,
1294 4103 1299 4110 .

134 4186 137 4192 ,
176 4136 223 4206 qui
258 4136 450 4190 Aristomenem
478 4137 686 4201 Atheniensem,
734 4153 785 4206 pro
794 4135 882 4206 piebis.
896 4135 937 4187 Its
950 4135 1026 4188 MSS.
1041 4133 1131 4188 llsan.

254 4245 320 4312 IV.
529 4307 538 4318 ,
653 4239 660 4254 '
1070 4266 1118 4310 an
