3200 5159
607 559 768 627 LIBER
793 561 836 626 X.
1188 555 1258 628 363

187 689 355 785 quedam¹
375 689 427 759 his
439 687 526 757 bella
542 689 778 783 amicitiaeque,
800 689 939 758 undeet
959 687 1118 772 affectus,
1139 705 1260 783 praeter

186 796 241 866 illa
259 821 332 891 quae
350 794 392 864 de
408 795 592 889 quibusque
609 819 725 864 eorum
742 797 809 864 suis
825 795 967 864 diximus
984 793 1073 864 locis.
1090 797 1260 868 Dissident

187 901 296 972 olores
311 917 344 971 et
358 899 496 995 aquilae²
512 925 520 968 :
537 925 659 970 corvus
672 916 705 970 et
719 887 907 985 chloreus³,
922 915 1024 970 noctu
1038 901 1179 970 invicem
1195 927 1258 972 ova

187 1011 404 1103 exquirentes.
428 1006 533 1076 Simili
554 1007 656 1077 modo
674 1031 796 1078 corvus
812 1022 846 1078 et
866 994 1021 1092 milvus⁴,
1038 993 1117 1075 illo⁵
1140 1011 1257 1102 praeri-

187 1116 298 1209 piente
315 1115 395 1184 huic
415 1113 506 1183 cibos
522 1139 530 1182 :
551 1115 699 1184 cornices
713 1129 813 1209 atque
828 1097 991 1184 noctua⁶z
1011 1111 1128 1206 aquilae
1142 1128 1176 1183 et
1192 1115 1258 1184 t'ro·

227 1377 312 1431 XCV.
325 1374 610 1449 usurumquoedam
619 1377 699 1433 Arist.
743 1393 797 1448 qus
822 1376 938 1448 Scaliger
961 1375 990 1428 iu
1017 1393 1078 1429 curu
1099 1375 1258 1446 Philosophi

188 1458 291 1511 Hister.
306 1456 421 1510 Animal.
440 1455 489 1509 lib.
509 1457 566 1522 lx,
587 1475 646 1527 csp.
661 1476 696 1520 s,
743 1456 832 1508 locum
845 1473 940 1527 :quum
947 1455 1108 1509 inTeuriuis
1116 1455 1258 1526 Liguribus

189 1557 251 1609 pag.
268 1555 347 1606 ¹⁰⁰7·
359 1543 450 1590 Hsnu.
742 1535 856 1606 reperiri
868 1537 920 1600 sit,
929 1536 1065 1606 vulgoque
1075 1535 1152 1588 cloria
1164 1536 1258 1606 appel·

230 1635 257 1672 ο.
279 1617 366 1670 olom
385 1628 410 1667 et
428 1615 526 1688 aquila.
549 1615 638 1686 Atque
661 1615 699 1670 ita
742 1615 807 1681 luri,
819 1615 899 1668 celeri
911 1613 978 1668 adeo
993 1615 1092 1676 volutu,
1112 1628 1142 1666 ut
1155 1615 1257 1687 assequi

165 1694 357 1768 ‚quidem,ut
376 1713 392 1747 e
409 1711 498 1766 pugne
519 1694 608 1747 victor
630 1713 699 1767 sepe
742 1712 801 1748 um
827 1713 895 1766 segre
917 1694 985 1748 falco
1003 1694 1094 1765 possit.
1121 1694 1256 1759 Alterum,

188 1774 307 1829 discedat
331 1776 404 1839 olor,
423 1778 509 1846 κρατοῖ
533 1770 589 1827 d'd
614 1776 698 1836 κύκνος
742 1793 798 1827 nou
812 1794 894 1826 corvus
903 1788 929 1828 et
939 1775 1062 1839 chloreus,
1077 1772 1123 1825 sed
1138 1787 1217 1826 turtur
1231 1787 1257 1827 et

187 1857 314 1916 πολλάκις.
334 1855 413 1907 Arist.
428 1855 479 1907 loc.
499 1855 544 1906 cit.
567 1854 700 1908 Describit
743 1854 851 1906 cblcrw
866 1854 911 1907 hic
925 1852 1067 1924 legendum
1081 1871 1143 1906 esse.
1153 1854 1257 1906 Verum

186 1934 256 1988 huuc
271 1953 386 2006 pugnem
409 1933 550 2002 Papinius,
568 1932 697 1987 Tlsebsid.
742 1952 826 2004 quum
837 1951 929 1986 omnes
943 1934 1023 2004 pluue
1035 1933 1201 2002 refragentur
1213 1949 1258 1985 oo·

186 2013 234 2066 lib.
245 2015 298 2076 111,
307 2032 345 2067 rs.
357 2013 425 2067 525.
434 2012 525 2066 Hsun.
743 2011 825 2077 dices,
837 2014 954 2083 alibique
963 2012 1150 2083 Philosophus,
1160 2027 1257 2084 nempe

229 2095 256 2148 3.
265 2094 590 2159 Corvusetcdloresss,ucetu
600 2095 699 2146 invicem
743 2112 803 2164 pag.
819 2112 883 2162 999,
897 2092 1048 2145 iuimicitias
1059 2109 1180 2145 exercere
1195 2091 1258 2144 scri·

187 2193 233 2226 οοο
259 2179 414 2247 aperientes.
442 2173 599 2226 Aristoteles
622 2190 697 2226 arem
742 2171 1013 2242 butsvesduas,quss
1026 2171 1256 2242 πίποαοοχλωριῢς

187 2254 294 2325 pipram
310 2267 386 2308 vocet
407 2252 478 2305 libro
499 2271 589 2316 nouo,
609 2253 698 2323 cupite
741 2254 924 2324 appellentur,
946 2270 1058 2322 quaque
1076 2251 1192 2304 invicem
1207 2269 1256 2304 cru

187 2335 285 2404 primo.
308 2333 384 2385 Hauc
399 2331 501 2384 Plinius
520 2332 649 2397 soricem,
667 2345 698 2387 ut
741 2331 837 2396 edant,
860 2331 892 2386 sd
912 2331 958 2406 γὰρ
980 2331 1197 2384 uiscerationem
1211 2331 1254 2382 ἀλ-

187 2413 270 2483 paulo
295 2423 355 2484 post
374 2412 520 2477 constabit,
539 2411 698 2466 Theodorus
740 2414 829 2476 λήλων,
844 2411 912 2470 nibil
931 2429 1010 2465 susus
1021 2427 1078 2462 sum
1096 2411 1254 2473 immutare,

187 2491 314 2563 piponem
339 2492 426 2545 vertit.
452 2492 544 2556 Quare
570 2491 615 2544 hic
641 2510 697 2546 uon
741 2493 886 2547 veritusne
899 2492 1003 2561 stirpes,
1016 2488 1202 2560 undecumque
1214 2507 1254 2542 se·

187 2590 278 2637 corvus,
286 2570 332 2624 sed
341 2591 420 2634 sores,
428 2572 496 2624 lorte
506 2569 650 2642 legendum
664 2590 697 2626 ex
741 2574 856 2644 ceperit,
868 2571 941 2624 corvi
959 2571 1069 2623 nomine
1080 2571 1141 2640 jure
1152 2569 1256 2622 Plinius

187 2651 335 2705 Aristotelis
354 2651 415 2704 loco
442 2663 503 2704 sute
521 2648 615 2704 dicto:
635 2677 648 2699 ι
662 2653 698 2707 Et
740 2650 904 2706 reddendam
921 2650 1124 2722 poterit.qnum
1137 2650 1254 2701 uobises

187 2749 274 2796 sorex,
282 2730 379 2803 iuquit,
390 2745 417 2784 et
428 2731 560 2790 chloreus,
570 2749 632 2782 nuru
646 2750 697 2786 ova
741 2750 863 2802 prorsus,
885 2732 927 2784 vel
945 2731 1000 2802 ipse
1017 2747 1124 2800 quoque
1138 2729 1255 2798 appella·

187 2811 238 2864 sibi
253 2810 287 2864 ad
307 2811 422 2864 iurioem
440 2809 576 2864 devorent.
588 2833 600 2856 ι
615 2810 695 2865 Prsr.
740 2813 825 2874 tione,
844 2813 933 2884 ignote
949 2811 1003 2863 sit:
1027 2827 1089 2861 nem
1107 2811 1167 2879 pipo
1183 2809 1254 2862 Gaza

188 2921 227 2933 -—
238 2891 340 2955 eorm,
356 2903 382 2942 et
400 2892 514 2943 chloreus.
532 2891 697 2955 Frobeuins,
740 2891 853 2946 reddere
863 2891 968 2944 meluit:
981 2887 1113 2952 fortassis,
1126 2889 1254 2958 quonium

186 2982 275 3040 spreta
286 2971 409 3024 omnium
424 2968 547 3023 codicum
560 2967 628 3035 lide,
639 2969 698 3028 edi·
740 2969 826 3024 erdem
836 2986 920 3043 geum
934 2983 973 3023 est
990 2975 1061 3023 πιπῶ
1084 2965 1155 3037 epod
1170 2967 1255 3038 Hesy-

187 3049 345 3122 tionumque
357 3063 519 3103 vetustarum
528 3049 696 3116 suctoritste,
740 3052 848 3110 eblum,
862 3063 888 3103 et
900 3068 1006 3121 pugnax
1021 3047 1085 3100 sris.
1103 3053 1196 3114 Πιπῶ,
1210 3047 1254 3100 iu·

187 3129 277 3184 Parin.
287 3130 380 3183 Veuet.
399 3130 471 3182 Brix.
488 3141 539 3182 etc.
554 3128 645 3180 clitorio
657 3147 698 3181 re·
740 3128 798 3202 quit
809 3133 902 3200 ,δρνοον
917 3129 1059 3199 πολεμικὸν,
1069 3127 1101 3187 ὥς
1113 3145 1186 3193 τινος,
1195 3130 1254 3200 ipol-

187 3211 289 3278 posuit,
303 3227 383 3281 quum
403 3209 534 3262 diversum
553 3225 608 3260 esse
620 3226 696 3260 arem
739 3206 802 3272 διος.
818 3209 907 3263 Hsnu.

185 3289 250 3341 slibi
264 3290 422 3342 notavimus.
437 3289 479 3340 sb
490 3287 540 3340 hac
559 3304 607 3340 are
618 3325 625 3351 ,
636 3307 696 3358 quis
782 3296 808 3353 4,
829 3291 920 3342 Corvus
945 3299 969 3338 et
992 3287 1083 3338 milvus.
1105 3285 1201 3340 Cicero
1220 3287 1256 3342 de

185 3371 289 3439 χλωροὺς
306 3368 414 3434 dicitur,
435 3381 564 3421 turturem
583 3367 696 3420 interfici
741 3370 841 3422 Natura
856 3371 895 3421 De
914 3385 973 3420 rum
986 3367 1035 3418 lib.
1051 3367 1091 3428 ll,
1107 3383 1167 3438 pag.
1185 3387 1252 3422 ror:

186 3448 339 3501 Aristoteles
356 3448 500 3518 significet,
523 3447 590 3499 Hist.
607 3447 696 3501 duim.
744 3473 757 3497 ι
770 3449 855 3501 Miluo
871 3389 918 3501 eil
932 3444 1067 3517 quoddam
1088 3447 1189 3499 bellum
1207 3467 1254 3501 uu-

185 3527 367 3600 lib.1X‚csp.
387 3545 480 3599 apog.
498 3545 565 3578 roos
582 3529 697 3598 :Tpoqbs
741 3529 827 3582 turele
843 3547 904 3581 cum
921 3543 1002 3580 como
1013 3543 1020 3578 :
1033 3543 1096 3595 ergo
1112 3527 1177 3580 slter
1189 3528 1254 3580 alte·

186 3607 228 3661 καὶ
241 3611 361 3678 χλωροὺς,
378 3608 482 3680 inquit,
495 3608 634 3660 discessisti
648 3606 695 3678 γὰρ
740 3609 811 3672 rius,
831 3609 993 3678 ubicumque
1013 3617 1105 3658 nactus
1126 3620 1178 3672 est,
1204 3625 1254 3661 ora

186 3689 347 3760 rslsspuqo‘se
358 3689 371 3740 ό
382 3690 496 3758 χλωρούς.
509 3688 544 3739 Et
553 3685 625 3757 apud
636 3687 697 3739 Phi·
741 3688 848 3758 frangit.
865 3713 876 3733 ι
894 3686 983 3740 Hirro.

185 3767 247 3830 len,
261 3785 323 3838 pag.
337 3785 392 3838 7²,
410 3769 454 3824 τὴν
473 3768 578 3838 τρυγένα
592 3769 696 3836 χλωροὺς
783 3765 1253 3836 ⁵.1110.Mi1v0scttteer,qutquum

185 3845 272 3900 odisse
284 3845 391 3900 dicitur.
404 3848 471 3912 Ques
484 3847 634 3899 testimonia
647 3846 697 3898 im·
742 3847 872 3900 volentior
881 3857 906 3899 et
918 3846 1051 3918 unguibus
1065 3858 1090 3898 et
1101 3845 1190 3898 solutu
1206 3846 1254 3910 sit,

185 3926 280 3996 pulcre
292 3925 436 3998 aliquando
447 3927 581 3991 animum,
593 3938 625 3979 ut
639 3924 696 3979 duo
740 3927 873 3980 subtrahit
888 3945 902 3978 u
919 3943 1001 3979 corvo
1015 3923 1148 3996 quidquid
1171 3937 1252 3979 tenet.

185 4006 336 4074 suspiceres
349 4026 357 4061 t
369 4007 493 4070 elterum,
505 4025 627 4077 maguum
641 4024 696 4062 esse
740 4006 824 4060 Arist.
839 4025 897 4078 pag.
916 4023 994 4059 socr.
1010 4004 1100 4056 Hssu.

185 4103 262 4139 asem
275 4098 415 4156 opomere,
434 4104 493 4158 quse
512 4098 643 4139 turtureus
657 4086 696 4138 iu·
781 4089 806 4138 6.
822 4086 934 4140 Cor-uices
945 4097 1017 4156 utque
1031 4096 1128 4136 noctua.
1143 4083 1252 4138 Aristot.

186 4165 319 4219 terficiut:
335 4185 445 4236 eamque
460 4184 515 4219 esse
524 4167 649 4233 fortusse,
661 4163 697 4219 de
740 4183 800 4237 μς.
823 4185 896 4236 999;
910 4165 1073 4236 ΡὴίΙοψις.
1091 4175 1142 4234 7²3
1155 4163 1252 4218 AEliau.
