3200 5159
551 523 712 593 arnan
744 522 811 590 1x.
1161 546 1205 617 91
1238 508 1242 517 '

127 638 355 747 quibusdam³
369 652 466 740 binae,
480 650 644 748 aliquibus
658 641 781 723 nullael.
797 658 839 724 In
853 655 978 722 Fucino
994 667 1123 722 tantum
1137 652 1212 724 lacu

127 760 226 853 piscis
243 772 325 843 est,
342 761 400 854 qui
417 761 547 829 octonis
563 761 673 855 pinnis
690 745 911 830 natat⁵.Binae
925 744 1092 848 omnino⁶‚
1104 758 1210 855 longis

127 880 160 935 et
183 861 358 953 lubricis,
379 864 585 960 utanguillis
602 881 636 936 et
657 869 797 961 congris.
824 864 950 952 Nullae,
979 880 1018 935 ut
1039 869 1210 955 mnraenis,

128 966 253 1065 quihus
286 996 357 1041 neo
383 970 548 1041 branchiae
561 972 583 1041 ⁷.
605 976 686 1043 Haee
702 958 840 1043 omnia⁸
862 972 1009 1041 flexuoso
1030 997 1210 1067 corporum

122 1075 281 1171 ¹impulsu
311 1080 362 1147 ita
381 1080 467 1146 mari
489 1092 647 1167 utuntur,
674 1094 713 1149 ut
737 1092 906 1174 serpentes
926 1091 1023 1148 terra.
1051 1081 1092 1146 In
1120 1080 1209 1149 sicco

127 1207 267 1277 quoque
291 1198 438 1279 repunt,
461 1184 536 1254 ideo
556 1187 656 1255 etiam
683 1186 850 1255 vivaciora
872 1184 958 1253 talia.
979 1186 1025 1253 Et
1040 1182 1084 1252 e⁹
1106 1182 1211 1279 planis

129 1288 242 1382 aliqua
257 1315 337 1359 non
351 1290 477 1359 hahent
492 1292 628 1386 pinnas,
647 1306 686 1362 ut
696 1294 872 1386 pastinacae
888 1292 981 1385 :ipsa
997 1290 1085 1359 euim
1101 1288 1212 1359 latitu-

130 1393 206 1463 dine
226 1410 364 1469 natant
385 1399 429 1465 Et
449 1422 522 1491 quoe
537 1395 650 1466 mollia
670 1395 896 1493 appellantur,
916 1410 955 1465 nt
975 1395 1107 1491 polypi,
1127 1422 1211 1490 quo-

130 1502 220 1569 niam
237 1502 351 1595 pedes
365 1501 427 1571 illis
436 1501 461 1527 ¹⁰
478 1504 654 1598 pinnarum
668 1505 775 1573 vicem
790 1516 957 1597 prestant.

180 1608 395 1677 XXXVIII.
412 1598 520 1701 (ιιι.)
535 1606 714 1703 Anguillae¹
734 1611 862 1679 octonis
876 1610 995 1677 vivunt
1013 1605 1116 1677 annis.
1135 1608 1212 1677 Du·
1233 1630 1245 1665 τ

134 1831 219 1885 auium
231 1830 301 1906 plna
312 1850 394 1905 qnam
403 1832 445 1886 bia
458 1834 579 1904 gentiam.
591 1836 659 1900 Quae
701 1836 793 1900 mio,
808 1846 840 1887 ut
856 1846 883 1887 et
901 1833 1038 1904 amillio,
1052 1831 1099 1885 aed
1115 1832 1211 1887 oetioto

134 1930 196 1964 vero
204 1913 325 1984 tergori,
335 1912 503 1978 ano‚eaadu
513 1912 657 1976 adherent,
701 1912 865 1985 anguetiori,
882 1922 909 1965 et
922 1912 1055 1983 operculis
1081 1930 1140 1983 qun
1162 1904 1213 1967 aab¹
1296 1949 1300 1957 ·

135 1990 169 2044 de
182 1990 217 2044 iia
231 2010 296 2045 non
307 1993 415 2065 rogitat.
431 1993 549 2046 Curua.
700 1995 769 2063 pelle
778 1994 862 2045 latent
872 1993 908 2045 ita
915 1992 1040 2055 minutia,
1051 2004 1081 2043 ut
1088 1992 1133 2044 via
1142 1992 1212 2063 aspi·

175 2071 204 2124 3.
215 2072 376 2142 Quibusdam
387 2073 459 2125 ὀίω.
469 2074 502 2125 In
511 2072 587 2125 libris
598 2088 657 2124 om·
698 2072 917 2143 riantur‚illaque
927 2089 981 2124 eoae
989 2072 1143 2143 negaverint
1151 2072 1211 2142 qui·

121 2149 221 2222 ,ntus
237 2150 323 2205 editio
337 2151 446 2205 additur
459 2168 583 2224 qnoque,
602 2154 657 2223 qui·
699 2150 790 2205 dame
806 2151 1000 2204 recentioribus
1010 2168 1064 2204 non
1081 2151 1212 2222 ignobiles

139 2227 238 2282 budam
252 2235 350 2284 trinoe:
368 2230 415 2284 aed
430 2250 514 2303 quum
528 2231 570 2283 hae
580 2248 659 2284 vocer
699 2230 767 2292 riri,
785 2248 827 2283 ex.
841 2248 866 2300 g.
878 2230 1037 2283 aretiam.
1053 2230 1171 2285 Cuma.

138 2327 224 2381 neque
236 2310 269 2362 in
285 2312 365 2364 MSS.
374 2312 439 2382 lleg.
456 2330 480 2369 ι,
499 2329 524 2368 a,
534 2310 658 2381 alliaque,
742 2312 770 2363 8·
783 2310 846 2363 Haee
861 2312 949 2362 omnia.
963 2310 1045 2363 Arist.
1058 2308 1092 2361 de
1109 2310 1210 2364 Partib.

22 2381 23 2384 ¹
138 2406 225 2461 neque
250 2388 327 2460 apud
351 2390 520 2443 Aristotelem
539 2401 659 2456 exstent,
700 2389 791 2443 duim.
802 2389 850 2443 lib.
866 2390 915 2451 IV,
932 2406 990 2460 cap.
1007 2391 1095 2453 13,et
1109 2389 1210 2443 illator.

139 2484 225 2541 neque
234 2470 321 2541 paulo
333 2482 393 2539 poet
408 2488 422 2521 a
436 2469 524 2523 Plinio
537 2481 659 2539 repetan-
699 2469 748 2521 lib·
759 2469 855 2541 I,oap.
870 2472 902 2530 6,
914 2486 974 2540 pag.
990 2474 1037 2531 44.
1049 2468 1140 2522 Hann.

22 2587 24 2619 3
140 2559 192 2613 tur,
207 2567 298 2619 quum
313 2548 415 2619 ringula
428 2550 509 2620 hujne
521 2546 659 2602 divitioris
745 2550 835 2616 9.Ete
842 2548 932 2619 planis.
941 2548 1021 2601 Arist.
1035 2548 1101 2601 loeis
1113 2548 1210 2602 citatis.

141 2630 261 2681 membra
285 2629 426 2698 explanat,
443 2627 579 2681 addititiae
603 2646 658 2681 erae
698 2627 971 2699 Haan.—·Eplont'r.
986 2666 1013 2681 ..
1024 2630 1211 2697 pastinareln

141 2709 310 2773 censuimus,
338 2720 365 2760 et
392 2708 521 2780 glossema
546 2724 657 2779 erpere:
698 2707 854 2779 pertinacia,
876 2707 957 2778 magis
976 2708 1055 2761 etiam
1077 2722 1157 2779 quarn
1181 2707 1210 2759 in

141 2788 321 2857 quamobrem
337 2786 471 2860 intrepide
488 2787 545 2839 illae
559 2804 659 2859 expun-
697 2788 859 2841 nostratibus
876 2790 947 2852 rain,
971 2788 1139 2858 amplissimo
1153 2786 1213 2858 pin·

145 2867 248 2921 ximus.
266 2869 357 2920 Haan.
698 2884 740 2919 ute
756 2866 901 2936 pectorales
916 2867 1094 2920 horizontalet
1113 2868 1149 2919 ita
1169 2865 1213 2919 ad·

180 2952 205 3009 4.
223 2946 360 3018 Adqur'bm
373 2948 455 2999 mitta.
468 2948 597 3000 Muraenia
609 2946 657 3000 lte·
698 2947 801 2999 haerent
811 2946 931 3018 corpori,
945 2960 976 3000 ut
987 2947 1075 3017 piune)
1087 2962 1142 2998 non
1156 2964 1213 2999 ere·

144 3024 218 3078 lenia.
231 3027 353 3079 Cuma.
567 3078 569 3082 .
700 3024 805 3079 dantur.
821 3028 939 3079 Cunna.

183 3107 210 3159 ⁵.
225 3106 358 3159 InFncino
371 3118 489 3158 tantum..
503 3140 510 3153 .
524 3117 602 3159 natat.
615 3108 657 3159 De
743 3122 785 3158 ιο.
802 3106 879 3157 Pedes
893 3108 950 3159 illu.
963 3104 1129 3170 Aristoteles,
1143 3103 1212 3159 Hiat.

143 3183 234 3257 aliquo
247 3196 293 3238 aut
303 3186 494 3249 mollescant
505 3198 609 3239 cetaeeo
620 3186 659 3240 ibi
699 3184 747 3237 lib‘.
762 3187 792 3248 l,
805 3202 863 3255 oap-
874 3189 890 3238 6
903 3222 910 3249 ‚
926 3204 985 3257 pag.
1001 3187 1050 3251 46,
1061 3197 1087 3237 et
1098 3183 1212 3255 pedibu·

145 3281 234 3317 termo
249 3278 294 3318 est„
306 3265 426 3319 Cuma.
700 3266 789 3316 mollia
807 3266 917 3329 scribit,
938 3276 965 3318 et
985 3264 1075 3336 pinni·
1094 3274 1186 3317 natare
1202 3280 1210 3316 t

182 3348 210 3399 6.
242 3346 315 3396 Binoe
338 3348 441 3397 omuino.
465 3345 574 3398 Aristot.
599 3345 658 3398 loeo
699 3343 797 3415 pedes,
811 3362 893 3415 quum
909 3344 1211 3415 nant‚vicepinnarum

146 3422 341 3477 ritualium.
700 3424 777 3493 tangi
800 3425 828 3475 in
849 3440 941 3493 aqua:
964 3424 991 3476 in
1016 3435 1085 3475 terra
1105 3440 1212 3495 quoqne

183 3520 211 3573 7.
222 3504 318 3572 Qni'bm
329 3522 372 3554 ner
384 3503 513 3555 tmmttoe.
525 3506 588 3556 Nou
599 3521 659 3556 orn·
700 3502 800 3575 pedum
814 3504 872 3555 vice
892 3504 988 3575 pinnae
1008 3501 1042 3555 ad
1062 3500 1212 3573 ingredien-

146 3582 353 3635 ninobranehiia
364 3600 452 3635 oarere
461 3602 604 3647 muraenas,
612 3584 660 3637 aed
700 3582 777 3638 dum.
790 3581 879 3635 Hann.
891 3614 931 3624 -
939 3583 1016 3635 Pedes
1028 3583 1152 3646 illis,'etc.
1163 3584 1213 3634 Po·

146 3679 197 3714 non
224 3663 261 3715 ita
291 3680 441 3733 expressas,
475 3664 659 3733 absolutaeque
700 3663 757 3733 lypi
770 3658 852 3734 pedes
865 3662 909 3714 hic
923 3661 988 3715 dicit
1004 3678 1112 3731 magnos
1129 3674 1213 3716 tenta·

147 3758 204 3800 eae,
226 3755 252 3794 et
270 3742 593 3807 articulataahabere‚ut
609 3760 659 3795 cae·
702 3743 776 3795 culoa
802 3744 849 3812 qni
871 3744 927 3812 ejus
950 3743 1030 3814 capiti
1061 3740 1211 3803 adhaerent,

147 3830 200 3875 tera
214 3821 255 3874 hia
270 3820 400 3892 praedita,
412 3822 658 3875 Aristotelestradi·
680 3858 684 3864 ι
702 3834 728 3874 et
743 3822 843 3893 quibua
854 3825 908 3875 eive
922 3816 1099 3884 adrandum,
1115 3821 1169 3874 sive
1179 3818 1214 3875 ad

147 3896 204 3965 dit,
218 3900 285 3953 llist.
305 3901 397 3953 Anim.
417 3902 464 3954 lib.
474 3903 517 3967 11,
533 3921 591 3972 cap.
608 3903 657 3968 16,
701 3900 849 3972 rependum
862 3904 954 3955 utitur.
969 3904 1086 3955 Currat.

148 3998 207 4051 pag.
220 3984 293 4044 216,
307 3977 364 4033 ott·
375 3980 410 4032 τὰ
423 3982 530 4052 βράγχια
541 3976 658 4053 dtnptpo·
742 3982 900 4034 XXXVIII.
917 4000 940 4035 t.
954 3981 1087 4051 Anguilloe.
1101 3978 1212 4031 Aristot.

149 4063 210 4127 μίνα
225 4061 314 4129 ὁμοίως
332 4065 382 4120 τοῖς
401 4062 480 4121 ἄλλοις
498 4064 599 4128 ἰχθύσιν.
624 4061 657 4113 H.
702 4060 770 4114 tttst.
784 4062 873 4114 Anim.
888 4062 1096 4129 tih.vt11‚cap.
1110 4058 1213 4128 ὄψις.

149 4140 443 4193 —Nulloe...broncdioe.
454 4142 591 4195 Brancbiae
600 4158 659 4194 mu·
705 4144 777 4206 880,
797 4154 876 4193 etex
898 4141 1038 4193 Aristotele
1054 4139 1214 4201 Athenaeus,
