3200 5159
549 484 710 552 LIBER
743 485 811 552 rx.
1143 492 1216 586 189

201 617 360 687 LXXVI.
381 612 504 701 Acus¹,
521 613 590 682 sive
606 611 744 700 belone,
763 639 849 683 unus
868 616 1006 710 piscium
1025 617 1218 694 dehiscente
1237 645 1249 679 1

145 739 288 819 propter
318 717 579 792 multitudinem²
606 735 701 790 utero
731 722 830 814 parit.
862 723 891 789 A
917 709 1038 817 partu³
1063 726 1219 800 coalescit

145 829 271 900 vulnus
290 856 298 897 :
321 827 411 922 quod
423 841 457 895 et
475 827 509 894 in
531 826 624 894 caecis
642 827 849 920 serpentibus
862 829 1007 898 tradunt.
1022 833 1101 901 Mus
1115 838 1214 904 mari·

146 924 235 1004 nusl
258 938 393 1005 interra
414 932 531 1002 scrobe
552 931 673 1001 effosso
694 934 782 1026 parit
809 958 891 1022 ova,
910 947 944 1004 et
970 961 1084 1007 rursus
1106 941 1219 1012 obruit

146 1057 239 1112 terra
261 1041 451 1110 :tricesimo
468 1038 522 1108 die
542 1037 667 1108 refossa
697 1039 821 1132 aperit,
846 1039 1016 1136 fetumque
1038 1045 1072 1113 in
1098 1070 1217 1141 aquam

148 1145 251 1217 ducit
1164 1155 1166 1159 ’

87 1287 91 1294 -
204 1255 376 1324 LXXVII.
412 1238 517 1343 (nrt.)
545 1249 712 1343 Erythiui¹
743 1263 777 1319 et
804 1252 919 1322 chanae
945 1253 1061 1327 vulvas
1092 1256 1250 1334 habere1

151 1359 359 1429 traduntur:
394 1358 450 1451 qui
470 1353 622 1425 trochos²
651 1355 880 1451 appellatura
910 1361 1054 1449 Graecis,
1082 1364 1152 1474 ipse
1182 1391 1218 1436 se

150 1518 184 1568 ln
207 1516 341 1567 minorum
363 1513 475 1585 piscium
495 1529 604 1582 genere,
620 1511 662 1564 in·
705 1513 800 1565 lutaris
816 1513 898 1566 refert
914 1513 1006 1568 eedem
1021 1517 1216 1591 Philosophus,

151 1595 227 1667 quit,
240 1594 283 1646 rel
295 1593 372 1645 tertio
383 1590 427 1644 die
441 1589 575 1663 prodeunt
585 1591 664 1662 pisci·
706 1591 773 1644 Hist.
784 1592 836 1645 An.
848 1592 895 1646 lib.
903 1594 939 1657 V,
955 1613 1014 1665 cap.
1035 1598 1084 1661 28,
1101 1617 1130 1670 p.
1145 1601 1216 1668 634,
1278 1590 1281 1596 ’

150 1675 207 1727 culi
224 1680 295 1726 :eto
313 1667 339 1724 d*
360 1673 494 1724 ἐλαττόνων
518 1670 599 1730 ttius,
620 1669 662 1721 καὶ
707 1672 800 1738 etjam
816 1684 893 1725 entes
906 1672 1023 1738 Plinius,
1037 1693 1097 1746 esp.
1117 1695 1161 1732 ιι.
1179 1681 1214 1734 Η,

150 1753 266 1824 τριταίων
279 1753 369 1813 ὄντων,
381 1747 431 1808 eide
446 1745 543 1818 tgttttst
555 1750 617 1800 teet.
627 1749 662 1800 ll.
706 1750 804 1800 -Mus
810 1753 923 1804 murinus.
936 1753 1062 1818 Quishoc
1072 1756 1108 1808 ,it
1115 1795 1123 1820 ‚
1138 1777 1218 1829 sup„

191 1831 316 1884 LXXVI.
332 1848 356 1882 r.
372 1831 449 1883 Acus.
465 1830 551 1884 Betim
565 1827 664 1880 Grecis
707 1827 874 1898 explicatum.
901 1831 1019 1885 Testudo
1049 1835 1151 1889 marine
1173 1838 1218 1892 hic

151 1931 214 1968 acus
238 1923 293 1974 est,
319 1909 403 1962 Gallis
427 1909 507 1979 vulgo
535 1907 663 1976 aiguillesc
707 1907 1216 1980 existimatur;etreverahaetestudinet.

88 2021 91 2027 ·
152 1987 665 2060 Lutetiseorplties,InquitHippol.Sal·
707 1998 737 2038 ut
750 1985 795 2038 ille
809 1986 843 2039 de
856 2005 910 2059 quo
929 1989 973 2043 hie
986 2009 1074 2044 sermo
1091 2007 1130 2048 est
1145 2015 1217 2062 mus,

152 2069 311 2134 cianus,sol.
322 2069 475 2139 68.Vulgus
482 2067 661 2124 Narbonense,
707 2081 901 2121 consueverunt
913 2087 962 2121 ova
972 2089 1081 2142 ponere.
1098 2075 1216 2129 Cuvm,

153 2171 168 2204 e
184 2151 255 2203 tubae
270 2147 463 2210 similitudine,
483 2157 604 2216 trompette
616 2145 663 2197 v'o·
747 2145 887 2199 LXXVIL
902 2168 927 2202 1.
938 2149 1061 2220 Erytltt'eti.
1079 2155 1119 2206 De
1137 2155 1217 2209 utris.

154 2243 209 2292 cet,
227 2241 292 2282 teste
310 2228 444 2298 Scaligero
464 2227 492 2278 in
507 2225 587 2278 Arist.
603 2243 663 2295 pag.
707 2243 759 2296 que
769 2223 884 2278 diximus
896 2247 952 2300 cap.
969 2228 1014 2283 23.
1027 2229 1061 2285 H.
1073 2266 1114 2274 -
1125 2233 1218 2288 Clam

156 2315 226 2380 691,
237 2305 444 2381 postlloudelet.
455 2307 501 2357 lib.
510 2305 592 2367 VIII,
604 2323 626 2356 c.
637 2311 662 2367 4.
707 2306 793 2356 culeus
804 2305 888 2358 laudere
903 2308 1038 2362 traduntur.
1049 2309 1147 2366 Chanes
1158 2333 1217 2368 om.

155 2391 248 2442 niun.
264 2422 304 2431 —
317 2387 393 2439 Acus.
406 2385 549 2457 Syngnatlto
563 2388 617 2435 acui
632 2385 662 2435 L.
707 2401 754 2436 nes
767 2383 858 2438 vulvas
869 2425 877 2450 ,
890 2399 940 2439 etc.
955 2406 1017 2440 nam
1036 2391 1109 2460 quod
1126 2395 1218 2448 scribit

157 2483 183 2522 et
192 2469 350 2540 generaliter
364 2468 489 2519 omnibus
501 2463 664 2536 syngnatltis,
707 2465 785 2515 Arist.
803 2464 868 2516 Hier.
884 2465 930 2518 lib.
943 2467 992 2528 1v‚
1015 2487 1073 2540 cap.
1093 2475 1127 2538 6,
1142 2473 1170 2526 in
1185 2493 1218 2528 ρο

154 2562 216 2622 post
228 2567 309 2602 auum
330 2549 380 2600 sub
400 2545 483 2598 cauda
500 2543 567 2596 losse
580 2543 663 2608 inest,
707 2543 786 2614 piscis
797 2561 892 2614 genere
902 2544 978 2598 nulla
990 2559 1029 2600 est
1038 2567 1114 2604 sexus
1122 2551 1218 2607 distin.

156 2648 235 2700 qnam
252 2627 351 2699 duplex
374 2626 447 2678 valva
464 2621 564 2678 claudit
577 2619 663 2674 mobi'·
707 2623 776 2686 ctio,
798 2641 941 2696 omnesque
962 2627 1020 2680 oris
1042 2630 1157 2699 gravidae
1175 2652 1218 2687 cs·

156 2711 205 2774 lis,
225 2709 252 2760 in
267 2727 319 2779 qua
335 2725 385 2758 ova
397 2716 516 2777 ponunt,
530 2701 596 2756 dum
612 2721 663 2773 pa·
707 2702 835 2782 piuntur.'
845 2704 948 2759 Dsunc.
959 2737 998 2745 -
1009 2707 1126 2782 Erytliei
1137 2711 1219 2764 dicun.

155 2791 237 2842 riunt.
249 2789 313 2840 Mox
337 2785 487 2856 patentibus
503 2793 596 2854 sponte
609 2781 664 2834 val·
709 2793 756 2834 tur.
772 2782 794 2834 E
808 2783 913 2838 leminis
926 2785 1014 2839 innuit
1029 2807 1109 2842 omne
1123 2810 1217 2862 genus,

156 2870 211 2933 ris,
226 2879 370 2938 erumpunt
383 2883 450 2927 ova,
471 2875 515 2915 aut
533 2861 664 2932 pisciculi.
708 2875 735 2915 et
748 2881 855 2925 revera,
876 2876 905 2916 ut
925 2867 1154 2936 supradiximus,
1173 2873 1221 2926 Ca.

157 2945 374 3001 Undecreditum
381 2944 459 2997 scisso
467 2953 665 2995 tantumventre
708 2941 791 2994 solini
806 2945 939 3013 perspexit
952 2945 1019 2998 nulli
1032 2967 1087 3000 nou
1098 2969 1220 3017 esseova,

157 3028 189 3081 iis
201 3025 244 3080 edi
260 3039 305 3078 eut
319 3043 382 3090 ova,
401 3036 446 3077 eut
458 3024 535 3075 letus.
546 3022 665 3075 Currite.
709 3019 797 3075 sedet
817 3021 951 3076 uullinon
967 3043 1023 3078 esse
1039 3028 1155 3092 lactem,
1184 3033 1220 3085 ite

160 3095 163 3102 ’
199 3125 224 3158 s.
246 3105 350 3176 Propter
365 3103 546 3156 multitudinem.
563 3101 669 3171 Propter
709 3113 740 3154 ut
763 3119 817 3153 sese
842 3101 893 3171 ipsi
915 3103 1058 3159 fecundare
1079 3110 1220 3166 sufficiant.

157 3187 344 3258 magnitudt'nem
366 3183 457 3255 potius
480 3199 665 3252 agnoscerem,
712 3181 798 3235 Clara
812 3192 934 3251 estperea
952 3183 1054 3236 cabrilla
1074 3188 1105 3240 L.
1119 3191 1222 3264 Etym-

156 3267 208 3320 nisi
217 3263 339 3319 codicum
349 3263 414 3316 lides
424 3263 554 3326 obstaret,
565 3273 622 3313 tum
634 3279 666 3313 ex
711 3279 756 3312 etus
766 3276 832 3312 vero
840 3257 914 3328 percis
925 3263 1013 3318 scriba.
1022 3265 1140 3322 Currere.

157 3347 276 3408 ffliano,
289 3345 355 3396 Hist
371 3343 462 3396 Auim.
476 3341 524 3393 lib.
541 3341 596 3404 IX,
609 3358 666 3411 cap.
753 3359 779 3392 x.
788 3339 839 3408 Qui
848 3341 1221 3414 troclosappellaturaGroecit,

159 3432 194 3481 60
202 3467 210 3492 ,
228 3439 285 3478 tum
299 3423 414 3476 maxime
425 3441 455 3475 ex
469 3421 551 3474 Arist.
568 3421 665 3473 Histor.
711 3424 760 3492 ipse
771 3439 795 3470 se
805 3422 872 3471 inire
883 3420 989 3474 Falsum
1002 3435 1028 3476 et
1037 3425 1181 3486 ridiculum
1194 3429 1223 3484 id

157 3500 667 3574 Anim.lib.VI,cap.16,p.71r.ll.
712 3499 867 3552 Aristoteles
900 3501 1051 3567 existimat,
1084 3505 1223 3564 Herodoto
1259 3500 1267 3516 ⁰

187 3587 226 3639 ⁴3.
242 3586 269 3638 A
279 3595 363 3656 partu.
378 3582 433 3634 Ubi
446 3578 668 3654 pepererit,vivit
710 3579 865 3632 Heracleote
882 3577 939 3633 duo
953 3601 1014 3634 eum
1027 3585 1151 3655 genitalia
1165 3609 1221 3643 ms.

159 3679 261 3730 tumen,
290 3663 451 3717 coalescente
478 3661 564 3725 rima,
588 3677 668 3730 quem
712 3659 749 3713 ris
772 3671 798 3711 et
812 3659 917 3712 femine
936 3661 1061 3718 sortitum
1086 3666 1221 3724 credente,

159 3746 208 3798 sub
226 3755 321 3797 ventre
338 3743 435 3806 babet,
454 3753 480 3794 et
501 3739 617 3802 sumine,
639 3751 670 3792 ut
715 3741 811 3791 Hsars.
827 3739 912 3793 Bene.
929 3773 970 3783 -
988 3744 1028 3795 De
1049 3745 1156 3802 cinredis
1171 3750 1224 3803 hoe

159 3821 515 3893 Ceciliaeserpentesebceep
528 3822 549 3872 cl
562 3820 671 3889 τυφλὶναι
717 3817 817 3889 exponi
835 3831 942 3889 potest,
958 3823 1004 3892 qui
1025 3838 1119 3880 mutuo
1133 3847 1224 3882 conse.

161 3905 236 3974 ὄφεις·
247 3903 306 3956 ὅταν
321 3897 350 3956 di
365 3903 438 3969 einp,
454 3902 498 3969 ζῇ,
508 3899 550 3978 testi
565 3901 672 3970 supple·
716 3898 901 3969 quunturttur'
912 3900 1145 3971 obpds,utSuidas,
1158 3907 1225 3960 κατὰ

159 4005 200 4036 ται
215 3985 287 4038 πάλιν
302 3987 393 4034 ταῦτα.
404 3980 482 4032 Arist.
494 3997 522 4049 p.
536 3982 601 4048 691.
615 3978 648 4029 H.
714 3979 804 4048 πυγὴν,
814 3991 844 4030 ut
854 3980 1011 4048 Atheniens,
1022 3997 1049 4038 et
1057 3985 1100 4038 elii
1111 3987 1225 4041 aliorum

200 4063 296 4129 4.M1u
307 4065 421 4114 murinus.
437 4060 477 4111 De
498 4077 552 4129 quo
568 4059 670 4129 egimus
715 4057 837 4112 clunibus
856 4059 974 4113 natando
999 4063 1173 4131 invehuntur,
1195 4081 1226 4120 ut

159 4162 216 4216 cap.
233 4143 278 4197 35.
296 4143 335 4195 De
350 4137 462 4212 emyde,
475 4139 529 4191 sive
539 4135 671 4192 testudine
714 4137 760 4209 qui
772 4136 913 4191 nefandam
924 4153 951 4193 et
966 4156 1155 4220 praeposteram
1166 4145 1227 4200 libi.
