3200 5159
588 481 747 553 Linon
773 482 841 554 nt.
1180 484 1253 575 143

177 619 264 689 fecit.
278 618 440 711 Purpurae
454 615 573 685 vivunt
586 617 683 686 annis
704 614 884 713 plurimum
900 603 1068 711 septenisl.
1082 610 1254 712 (xxxvi.)

176 731 315 811 Latent,
331 725 417 793 sicut
434 707 616 810 murices⁵,
629 725 719 793 circa
737 725 838 794 Canis
853 737 965 793 ortum
979 726 1113 795 tricenis
1127 725 1254 797 diebus.

178 835 436 927 Congregantur
447 854 552 899 verno
566 844 735 925 tempore,
747 844 932 925 mutuoque
944 832 1059 901 attritu
1072 819 1254 903 lentorem⁶

177 938 351 1035 cujusdam
369 960 454 1007 cerae
470 936 620 1006 salivant.
639 936 743 1007 Simili
761 936 909 1007 modoet
923 939 1077 1009 murices·
1094 939 1159 1011 Sed
1177 965 1255 1035 pur·
1274 972 1289 1005 ν

177 1045 295 1141 purae7'
308 1045 427 1114 florem
441 1041 534 1113 illum
554 1044 723 1140 tingendis
743 1046 925 1139 expetitum
947 1045 1111 1134 vestibus,
1128 1047 1163 1115 in
1179 1070 1253 1117 me·

177 1274 256 1326 iores.
273 1296 284 1318 ι
301 1270 337 1323 Et
346 1270 395 1323 lib.
413 1269 501 1333 XXI,
520 1288 580 1340 cap.
593 1271 625 1332 8,
643 1269 694 1322 tria
738 1269 795 1323 chia
805 1270 925 1324 stillaret.
938 1271 1126 1345 ceteroquin,
1140 1271 1256 1327 ubicoc·

177 1371 273 1425 genera
286 1350 421 1423 praecipua
432 1368 463 1401 ac
475 1349 631 1421 principalia
643 1361 693 1402 sta·
738 1368 785 1403 cus
798 1350 930 1416 innotuit,
947 1351 1049 1417 inutilis
1069 1352 1119 1405 fuit
1140 1353 1254 1406 concha·

178 1433 230 1486 tuit
248 1431 378 1503 purpurei
396 1429 509 1493 coloris,
534 1454 545 1476 ι
562 1428 694 1499 Tyrium,
738 1449 799 1483 rum
818 1430 922 1501 liquor,
943 1431 1026 1483 immo
1045 1450 1142 1502 quum,
1164 1446 1255 1503 aperte

178 1511 389 1583 amethystiuum
417 1521 445 1561 et
473 1508 689 1581 conchylium.»
740 1510 878 1575 Amet-ica,
901 1530 984 1563 coecus
1004 1515 1067 1563 caeti
1093 1502 1255 1581 (coelenille)

171 1594 298 1662 'Samen
310 1590 338 1642 in
350 1588 463 1643 Tertull.
478 1589 539 1662 pall.
554 1608 613 1661 pag.
628 1589 693 1643 185.
739 1588 818 1643 nohis
836 1591 864 1642 in
879 1603 1009 1663 promptu
1022 1591 1084 1645 suit.
1095 1593 1213 1645 Cuvtan.

222 1679 248 1736 4.
265 1670 382 1743 Septenis.
400 1669 479 1721 Arist.
493 1669 592 1722 Histoe.
605 1669 694 1721 Anim.
780 1674 807 1723 6.
822 1670 957 1723 lentorem.
971 1670 1109 1736 Quiddam
1128 1674 1254 1725 emittunt

178 1752 227 1805 lib.
242 1752 279 1817 V,
294 1768 352 1822 cap.
370 1755 422 1814 14,
441 1766 500 1821 pag.
517 1749 588 1819 571,
601 1752 697 1801 circiter
739 1766 771 1801 ex
781 1768 853 1814 sese,
865 1750 948 1803 instar
961 1770 1027 1804 cerae
1038 1751 1142 1803 lentum
1158 1768 1188 1804 ae
1202 1750 1254 1804 du-

179 1836 254 1897 oenis,
263 1829 346 1901 ζῇγὰρ
356 1829 491 1899 ἡπορφὺρα
501 1829 556 1899 napi
568 1832 610 1885 len
618 1830 650 1892 [ξ.
661 1830 697 1882 Et
739 1829 809 1882 ctile.
830 1830 895 1883 Haec
908 1829 1072 1901 explanatius
1087 1830 1255 1898 Aristoteles,

181 1910 252 1984 apud
269 1912 428 1964 Athenaeum
445 1907 533 1975 idem,
547 1909 618 1962 libro
634 1909 694 1976 111,
738 1908 807 1961 Hist.
826 1906 873 1961 lib,
887 1910 924 1974 V,
938 1928 995 1982 cap.
1016 1917 1067 1973 ri,
1090 1930 1151 1983 pag.
1173 1910 1228 1981 ⁵67
1247 1928 1254 1964 :

180 2011 240 2063 pag.
258 1994 305 2059 89.
320 1992 413 2043 Henn.
743 1990 908 2060 tPurpurte,
923 1990 1025 2059 inquit,
1038 2008 1122 2043 terno
1133 2003 1256 2061 tempore

223 2074 249 2125 5.
266 2070 337 2123 Sicut
353 2071 462 2122 murices.
473 2068 565 2121 Verba
580 2068 695 2122 Aristot.
738 2068 863 2121 eumdem
880 2069 907 2121 in
923 2070 1011 2123 locum
1025 2083 1206 2141 congregate,
1219 2071 1256 2127 fa-

180 2152 237 2205 hec
250 2163 313 2204 sunt
328 2168 336 2203 :
354 2154 458 2219 potnias
473 2144 503 2203 dl
519 2148 544 2200 ai
556 2150 692 2219 πορφύραι,
738 2148 814 2201 ciunt
833 2146 861 2201 id
881 2147 954 2219 quod
973 2149 1121 2221 lanuginem
1142 2163 1253 2215 vocant,

182 2230 446 2303 adsumentum
459 2227 586 2298 ιὺναπιρὶ
599 2230 695 2298 ἡμέρας
738 2234 848 2281 ποιοῦσιν
873 2230 919 2287 τὴν
940 2232 1088 2300 καλουμένην
1113 2230 1256 2301 μιλίκηραν.

181 2314 323 2383 τριάκοντα.
336 2308 419 2362 Unde
434 2308 494 2361 satit
507 2320 610 2361 constat
620 2309 696 2361 Grae·
738 2306 976 2372 Quemadmodum
997 2329 1013 2363 e
1031 2309 1159 2362 folliculis
1179 2310 1255 2364 albo·

182 2410 275 2445 corum
287 2392 409 2461 κήρυκας,
422 2380 522 2441 bucetita
537 2388 652 2451 eGeza,
669 2401 696 2441 et
738 2406 799 2440 rum
810 2388 924 2441 cicerum
936 2389 1041 2455 multis,
1051 2388 1079 2441 in
1088 2406 1171 2442 unum
1181 2410 1256 2445 com·

182 2470 314 2542 scaligero
332 2467 469 2532 redditos,
493 2479 565 2521 recte
586 2484 695 2540 quoque
738 2468 831 2540 pactis.
847 2493 858 2515 ι
876 2468 961 2538 Negat
979 2468 1077 2522 deinde
1093 2488 1125 2522 ex
1140 2486 1172 2522 eo
1194 2470 1256 2524 savo

182 2550 300 2604 murices
313 2549 368 2623 dici
387 2549 506 2601 Plinium
524 2548 695 2601 existimasse.
738 2548 797 2601 fieri
812 2566 945 2620 purpuras
960 2568 968 2603 t
984 2547 1029 2601 sed
1047 2547 1074 2601 id
1086 2568 1141 2602 esse
1155 2549 1192 2603 eis
1206 2569 1255 2603 ceu

182 2633 251 2685 Nam
264 2650 327 2683 mox
341 2648 449 2701 quoque
461 2627 533 2682 idem
546 2646 553 2680 :
565 2628 637 2679 simili
647 2648 696 2680 mo-
739 2640 949 2699 purgamentum
962 2627 1106 2700 quoddam.
1118 2628 1208 2683 thn.
1217 2661 1257 2674 -

182 2708 695 2777 doetmuticm.Aristoteleste1-o,liltro
739 2708 867 2761 Lentonem
892 2710 1016 2778 eujusdam
1046 2729 1108 2761 ceree
1139 2711 1255 2764 solistani.

182 2794 220 2856 V,
235 2810 292 2864 cap.
311 2797 431 2861 ri,pag.
446 2789 502 2859 567
520 2807 529 2843 a
546 2788 695 2859 Knptuiaoat
739 2789 856 2841 Lentone
877 2788 1014 2859 cujusdam
1036 2789 1100 2841 cerii
1122 2790 1257 2855 salirent,

182 2870 229 2943 γὰρ
245 2869 287 2925 καὶ
305 2872 326 2924 el
341 2871 455 2942 eripuisse,
464 2866 594 2938 siwificant
606 2888 697 2941 quoque
739 2874 836 2921 notatim
847 2869 995 2940 μιλὶνιηραν,
1009 2868 1103 2934 idest,
1115 2861 1162 2922 alas
1174 2872 1255 2941 sapias

183 2965 207 3005 et
219 2972 321 3023 ceryces.
338 2950 374 3003 Η.
385 2982 424 2993 -·
433 2948 503 3002 Sicut
511 2954 620 3003 mrerices.
635 2948 696 3001 Sive
740 2950 888 3020 aspidiscas.
903 2950 1012 3003 Aristot.
1027 2950 1098 3003 Gaza
1109 2951 1204 3015 vertit,
1211 2952 1257 3019 sa·

183 3033 305 3086 huccine.
317 3031 427 3084 Aristot.
441 3028 507 3083 Hist.
521 3030 612 3081 Anim.
625 3028 697 3082 libro
742 3049 798 3081 aare
811 3042 837 3083 et
847 3028 986 3099 savifieare.
1000 3030 1104 3083 Dauno.

184 3112 267 3179 vltl,
279 3130 337 3184 cap.
354 3129 404 3181 17,
417 3110 542 3181 popptd
562 3110 697 3162 Heum-
782 3128 809 3180 7.
826 3108 1006 3181 Sedpurpurce.
1023 3111 1132 3163 Aristot.
1148 3129 1175 3180 p.
1190 3108 1255 3181 ⁵69.

184 3190 253 3245 Siem
264 3198 371 3244 murrea.
379 3187 462 3262 Apud
475 3187 644 3242 Aristotelem
655 3190 698 3246 sni·
741 3189 872 3261 Purpurea
893 3208 976 3261 porro
990 3202 1044 3243 tres
1062 3201 1125 3243 sunt
1143 3204 1231 3262 partes
1248 3208 1255 3242 :

183 3292 261 3343 ρυκις.
282 3272 410 3325 Buccina.
438 3269 570 3323 Muricem
595 3268 640 3322 hic
662 3268 697 3323 de
741 3288 855 3342 quarum
867 3269 989 3341 superior
999 3270 1135 3341 τράχηλος,
1150 3270 1256 3323 cervix:

183 3352 303 3406 Bucciuo
331 3351 434 3404 Plinius
463 3360 591 3420 usurpat,
618 3368 697 3422 supra
741 3348 829 3402 media
839 3349 998 3419 pisonem
1008 3367 1141 3422 papaver:
1154 3350 1207 3403 ima
1217 3349 1258 3402 di-

183 3450 262 3497 vero,
275 3450 334 3504 cap.
347 3432 400 3494 25,
412 3429 446 3484 de
459 3430 561 3484 concha
571 3430 695 3484 Veneria.
741 3431 811 3483 citur
823 3430 929 3501 ncipit.
943 3429 964 3481 F
965 3430 1004 3482 los
1016 3448 1070 3482 non
1082 3441 1140 3482 toto
1151 3448 1258 3500 sparsus

183 3514 285 3567 Daue.
301 3542 342 3553 —
357 3512 506 3582 Purpuroe...
524 3514 632 3563 mermes.
649 3510 698 3562 His
740 3528 869 3581 purpure.
880 3507 1061 3581 corpore,ted
1075 3510 1145 3563 inter
1154 3524 1258 3581 partem

183 3593 291 3646 conchis
303 3591 448 3645 utebantur
462 3589 497 3644 ed
510 3588 697 3662 purpumndas
741 3591 857 3661 primam
869 3602 895 3644 et
907 3588 1022 3642 mediam
1041 3590 1162 3660 positus,
1178 3590 1206 3641 in
1219 3590 1259 3660 ip-

183 3674 255 3726 varie
270 3684 364 3726 vestes.
384 3670 491 3744 Species
509 3689 564 3723 uon
576 3669 698 3742 apprime
741 3670 776 3723 sis
790 3670 911 3723 saucibus
930 3680 978 3723 est.
996 3668 1103 3722 Florem
1118 3670 1191 3723 hunc
1203 3670 1259 3722 Pli-

183 3772 254 3807 nunc
266 3752 400 3806 novimus.
418 3750 528 3804 Constm
538 3762 628 3803 tamen
639 3750 697 3820 ple·
741 3750 805 3803 nius
828 3748 911 3802 modo
937 3749 1016 3803 etiam
1041 3766 1146 3813 rorem,
1177 3748 1259 3801 modo

182 3833 272 3904 risque
298 3830 486 3895 univnlvihus,
511 3830 657 3902 presertim
683 3848 699 3883 e
742 3840 947 3884 succumvocat.
960 3830 1114 3894 Vitruvius,
1129 3830 1176 3881 lib.
1189 3829 1259 3887 vlt.

183 3914 303 3967 buccinis
312 3925 339 3965 et
348 3911 497 3965 muricibus
503 3911 584 3964 Linn.
592 3929 607 3963 e
616 3909 699 3983 pallio
743 3925 803 3981 cap.
818 3910 851 3963 13
863 3914 1115 3980 ,pnrpureamsaniem
1126 3928 1136 3971 ,·
1146 3909 1262 3963 Plinius·

183 4010 290 4046 manare
300 3992 444 4045 humorem
460 3992 582 4044 rubrum.
596 3989 699 4044 Pretio·
745 4008 797 4062 que
811 3990 885 4061 ipse,
900 4010 923 4044 c.
941 3993 993 4055 623
1007 3990 1147 4056 Lucanus,
1165 3988 1213 4041 lib.
1228 3989 1262 4052 1,

183 4074 285 4126 sissima
302 4090 367 4125 vero
384 4074 421 4125 ob
432 4072 519 4129 hocsl
544 4072 612 4142 βαφὴ
634 4070 700 4135 tuit,
744 4088 771 4123 ν.
787 4070 960 4133 tadwinus:
975 4069 1263 4139 ustratcjacent,Ty-

183 4153 256 4225 quod
265 4150 702 4226 parumhumorisesinguliscon·
744 4150 787 4203 rio
812 4168 927 4221 quorum
957 4168 1018 4223 pars
1046 4149 1161 4202 maxima
1184 4166 1262 4201 succo
