3200 5159
609 519 766 589 LIBER
791 521 835 588 X.
1183 516 1254 592 335

188 655 223 722 in
241 652 376 722 latebris
389 651 524 746 pariunt
534 665 608 738 ,aut
621 653 655 720 in
664 650 795 722 excelso
811 650 971 720 cubantes
981 639 1026 719 ²³2·
1040 666 1075 720 et
1089 653 1150 721 nisi
1163 653 1255 724 molli

189 773 293 828 strato
316 771 474 852 exceptu,
496 757 703 852 franguntur.
726 759 839 826 Mares
867 756 987 852 singuli
998 748 1022 792 ²⁴
1040 760 1148 852 quinis
1165 761 1258 829 sulli-

188 867 282 935 oiunt
292 864 499 960 conjugibus.
515 865 628 952 Quum
647 863 785 960 singulte
802 879 860 933 aut
876 864 963 933 bime
980 864 1091 948 suere,
1110 890 1259 935 eorrum-

188 973 280 1066 pitur
296 968 463 1041 salacitate
470 959 494 998 ¹⁵
504 969 698 1040 fecunditas.
713 973 831 1042 Partus
846 968 1033 1040 excluditur
1047 961 1196 1041 diebus'6
1207 987 1259 1042 ter

191 1079 352 1162 novenis,
373 1089 431 1146 aut
451 1075 576 1146 tardius
594 1078 807 1146 trioesimo²⁷.

245 1185 386 1252 Anseres
407 1184 440 1252 in
458 1170 576 1276 nque²'
592 1196 731 1270 coeunt,
751 1183 884 1277 pariunt
895 1205 972 1250 vere
992 1205 1000 1250 :
1018 1196 1078 1251 out
1092 1183 1119 1252 si
1137 1184 1254 1255 brume
1273 1194 1291 1253 t

190 1291 339 1377 coivere,
371 1302 446 1384 post
472 1287 667 1376 solstitium,
700 1288 919 1384 quadraginta
939 1289 1089 1383 prope²⁹.
1121 1292 1175 1359 Bis
1203 1315 1258 1360 nn·

190 1515 286 1588 irrugit
300 1533 359 1568 ovs.
377 1514 451 1568 Dixit
464 1527 553 1568 temen
564 1512 702 1584 mihiqui·
743 1531 775 1566 ex
794 1512 956 1575 Columella,
977 1513 1039 1567 looo
1054 1515 1143 1569 citato.
1161 1517 1254 1574 Itur.

190 1593 703 1665 dumssldeexpertuscirespssones,
785 1595 831 1645 26.
860 1593 951 1646 Diebus
974 1606 1017 1646 ter.
1032 1594 1128 1660 Verso,
1155 1595 1190 1650 de
1215 1599 1256 1652 tte

190 1673 265 1748 quod
296 1693 329 1728 ex
355 1675 413 1727 zelo
438 1675 550 1743 potonis
572 1673 703 1744 contingit
742 1673 832 1725 rustic.
844 1672 891 1724 lib.
910 1672 967 1736 111,
985 1691 1010 1726 c.
1024 1691 1052 1742 9,
1067 1693 1128 1746 pag.
1147 1683 1208 1741 ¹⁰4·
1218 1677 1253 1732 11.

190 1755 306 1810 fructura
323 1771 460 1807 osorum:
487 1765 608 1826 pugnent
630 1751 703 1805 enim
785 1771 831 1821 ²7·
854 1752 944 1803 Parem
965 1752 1102 1805 sulatditur
1117 1754 1201 1808 diebus
1217 1768 1255 1809 ter

190 1847 256 1889 tune
266 1852 335 1906 pero
351 1845 377 1887 et
389 1851 457 1906 pers
470 1852 520 1904 pro
533 1831 704 1886 incubatione
743 1834 856 1896 novenis,
870 1843 915 1883 aut
932 1831 1024 1883 tardius
1045 1836 1170 1888 trieesimn
1191 1835 1253 1890 Non

191 1913 450 1978 osorum,exnirnis
464 1909 703 1966 osorumdileetio-
742 1909 821 1962 rideo
835 1912 1007 1982 quomobrem
1026 1911 1254 1986 Deleoempiove.

189 2011 240 2047 ne:
254 1993 324 2047 sicut
333 1993 410 2046 etism
424 2011 475 2064 pro
482 1991 562 2063 pullis
574 1989 704 2044 ducendis
742 1989 844 2042 neritin
855 2002 986 2051 mentem,
997 1993 1118 2057 onesimo,
1130 1994 1254 2061 seribere,

189 2085 310 2145 pugnent
330 2091 394 2143 grus
417 2073 566 2138 mssoulns,
596 2081 624 2124 et
640 2087 704 2142 prus
742 2067 922 2123 onnuslidem
935 2070 1254 2139 omninmlibrornm,nt

190 2153 304 2217 femina,
323 2163 398 2206 ete.-
421 2151 511 2204 Han.
743 2148 799 2220 ipse
812 2150 931 2202 fateturt
952 2162 979 2202 et
994 2149 1068 2221 qnod
1090 2154 1176 2222 msjns
1196 2166 1252 2217 est,

232 2239 276 2286 si.
287 2233 342 2285 Aut
347 2234 373 2284 in
383 2232 475 2287 astho
483 2230 605 2284 cubitu.
617 2229 703 2284 Perti·
742 2240 834 2282 ouum
841 2229 1020 2296 Aristotelem,
1027 2232 1102 2300 eujus
1107 2231 1163 2284 bac
1171 2234 1253 2287 verbe

190 2311 250 2366 suls
267 2323 311 2364 aut
330 2310 479 2382 superfluit.
494 2311 563 2363 Nem
586 2327 703 2380 pavones
742 2307 818 2361 elib.
833 2308 874 2361 vl
891 2307 994 2362 ilistor.
1011 2310 1127 2365 Animal.
1145 2329 1204 2384 oep.
1223 2332 1251 2385 7,

190 2395 291 2462 majore
302 2409 334 2444 ex
344 2401 418 2462 pnrte
429 2389 702 2444 ineneelsooubrntes
741 2404 800 2458 pag.
821 2390 894 2455 67¹:
913 2385 955 2441 sel
969 2390 1065 2443 lstlnn
1090 2392 1113 2443 lv
1131 2395 1255 2463 τριάκονθ’

189 2471 305 2542 pariunt.
326 2469 475 2524 Columella
500 2469 570 2522 libro
592 2481 703 2538 octeno,
740 2467 968 2539 inmanium?
976 2468 1255 2537 nminem-Tricam„

189 2551 277 2623 rapite
305 2547 477 2603 undecimo:
509 2548 703 2622 ubiuimeque
742 2546 1252 2618 sutpsnlopluribuseroluditdiebns·

190 2629 356 2701 temporibus
369 2629 411 2682 bis
428 2628 525 2700 quibus
535 2629 700 2700 parturiunt,
741 2625 776 2678 Et
787 2625 863 2696 apud
875 2626 972 2681 Athen.
986 2626 1033 2682 lib.
1047 2624 1102 2691 lx,
1122 2648 1150 2700 p.
1171 2632 1250 2702 397:

188 2710 312 2780 pluribus
324 2709 469 2762 sumentis
488 2705 700 2779 exaggerandum
741 2704 847 2766 lendin
858 2706 952 2776 ἡμέρας
974 2709 1116 2777 τριάκοντα.
1131 2711 1252 2782 Denique

189 2803 229 2842 est
251 2789 398 2852 svinrium,
423 2806 477 2860 qno
500 2788 582 2841 tutius
604 2788 701 2860 integri
741 2796 834 2838 oontrs
864 2785 946 2856 ipsius
969 2787 1107 2857 scriptoris
1125 2805 1252 2846 amum:

189 2869 258 2922 letus
270 2868 447 2942 excipientur.
463 2867 529 2920 Nem
543 2868 598 2921 lere
617 2885 701 2939 peso·
740 2881 802 2916 nem
815 2864 836 2917 si
847 2865 956 2932 erescit,
968 2877 1252 2940 uteresoerepsrest,

188 2967 236 3002 nes
250 2945 336 3020 quum
356 2946 390 3000 sd
410 2957 567 3001 nocturnum
580 2947 700 3017 requiem
741 2963 803 2998 cum
822 2944 943 2997 ontione
965 2962 1108 3013 numerus,
1131 2962 1193 3019 post
1211 2962 1252 3004 ter

188 3041 335 3094 venerunt,
350 3025 482 3098 predictis
508 3025 615 3097 perticis
636 3025 701 3079 insi·
740 3041 860 3076 novenos
871 3022 943 3088 dies,
957 3024 979 3077 si
990 3023 1093 3079 tordius
1102 3040 1196 3098 pertus
1208 3048 1253 3083 ex·

188 3117 301 3173 stentes,
324 3108 462 3160 enituntur
482 3123 549 3170 oss,
567 3123 626 3180 qna
645 3125 700 3177 quo
740 3102 868 3167 eluditur,
886 3103 1020 3157 tricesimo
1040 3105 1132 3159 ssltem
1147 3105 1191 3160 die
1203 3107 1252 3162 de·

188 3188 301 3258 propius
310 3205 340 3240 sc
348 3185 454 3240 mollius
464 3183 631 3250 deciderint,
647 3185 700 3239 illi·
740 3183 786 3238 bet
798 3181 914 3238 excludi.
926 3183 1052 3237 Albertus
1070 3203 1191 3258 quoque,
1202 3189 1250 3242 lib.

189 3265 580 3338 bsttmsemntintegritstem.
592 3289 604 3312 ι
618 3261 699 3318 rm.
741 3263 795 3329 Vi,
807 3281 866 3334 esp.
893 3266 924 3327 6,
945 3282 976 3335 p.
996 3267 1072 3332 196,
1092 3263 1187 3320 diebus
1199 3287 1252 3322 xrs

189 3346 439 3417 —Soribereigitur
445 3344 560 3398 Plinium
566 3346 700 3416 oportuit:
741 3359 845 3396 enseres
856 3343 950 3396 nitore
962 3343 1067 3398 subere.
1086 3343 1177 3399 lieno.

190 3429 216 3478 in
237 3427 329 3479 excelso
347 3426 454 3479 oubam:
472 3443 544 3497 quare
567 3428 616 3477 nisi
634 3425 702 3478 molli
784 3427 832 3477 sil.
848 3424 952 3475 Anseres
967 3427 992 3475 ἐι
1007 3443 1081 3494 equa.
1094 3424 1253 3492 Columells,

189 3517 267 3559 strato
286 3517 385 3574 mepta
407 3525 451 3558 ovs
464 3505 624 3575 stringuntur.
649 3507 701 3558 rte·
740 3501 954 3574 lib.v111,osp.
979 3509 1031 3566 14,
1051 3522 1113 3574 psg.
1137 3505 1201 3569 Sol.
1216 3507 1252 3559 Η.

189 3584 372 3639 dundatenim
384 3585 545 3640 voosbulntn
557 3597 700 3655 uunquam
741 3611 777 3624 ·-
792 3584 898 3635 Assem
918 3585 943 3634 in
963 3601 1028 3656 aqua
1045 3596 1138 3638 essunt.
1151 3585 1254 3657 Lepide

189 3683 293 3738 semper
309 3666 338 3718 in
362 3666 463 3719 excelso
488 3665 586 3718 cubent
609 3677 636 3717 et
650 3683 697 3736 ps·
743 3660 894 3715 Pleutusin
909 3663 1098 3716 Truculento:
1118 3689 1131 3711 ι
1143 3664 1195 3718 Sed
1213 3679 1253 3720 est

188 3745 365 3798 riantlirnn.
742 3741 807 3793 huie
829 3761 898 3794 unus
920 3759 1011 3795 servus
1033 3744 1253 3810 violentissimus,

231 3831 277 3889 sd.
286 3824 473 3894 Manssinguli.
486 3823 633 3878 Columella
646 3823 696 3876 loe.
742 3821 798 3886 Qui
811 3823 857 3875 nbi
870 3839 1004 3894 quamque
1014 3835 1166 3876 nostrerum
1179 3823 1254 3878 sidet

189 3905 234 3958 cit.
250 3923 310 3976 pag.
330 3923 402 3974 ²99,
424 3915 452 3957 et
471 3901 617 3968 Palladius,
637 3901 698 3956 looo
741 3918 829 3972 prope
850 3901 918 3956 edes
931 3901 1253 3974 bssoeegrediens,1tem

189 3985 234 4037 cit.
251 3985 343 4038 lisso.
741 3995 773 4036 ιιι
795 3981 831 4035 de
854 3982 989 4036 lrumento
1013 3982 1129 4035 elemore
1149 4000 1253 4037 emeres

232 4065 278 4120 2⁵.
305 4065 472 4131 Corrumpitur
502 4063 634 4114 sariacitste.
665 4059 698 4114 Id
742 4061 886 4126 absterret,
899 4062 1013 4132 sbtgir.·
1030 4063 1134 4114 Demo.

189 4161 253 4198 tero
271 4163 325 4216 quo
349 4141 428 4196 modo
450 4142 601 4213 confinget,
613 4140 699 4196 disoes
784 4158 830 4209 29·
845 4141 1019 4211 Quadraginta
1025 4159 1110 4212 prope.
1122 4140 1258 4196 Gmmsus
