3200 5159
346 539 421 586 uno
619 515 657 585 C.
686 517 858 587 PLlNll
883 514 995 588 ΝΔΤ.
1021 512 1152 582 lllST.

345 643 478 742 quam¹²
503 643 607 716 solam
639 647 729 718 hunc
757 645 871 718 alitem
906 644 1045 717 fulmine
1065 643 1289 714 exanimatam
1311 671 1319 713 :
1343 646 1423 716 ideo

346 754 543 849 armigeram
562 754 653 823 loris
667 755 875 824 consuetudo
886 752 1059 848 judicavit.
1224 805 1230 812 .

315 901 325 934 ι
400 861 442 930 V.
461 851 539 952 (tv)
549 862 710 944 Romanis
724 885 797 932 oum
819 859 1006 956 legionibus
1018 856 1211 929 cmmus‘
1223 859 1421 928 insecundo

346 965 520 1036 consulatu
542 991 603 1037 suo
621 969 755 1063 proprie
772 967 906 1037 dicarit
924 969 1007 1036 Erat
1030 979 1065 1034 et
1086 979 1184 1034 anton
1207 966 1315 1059 prima
1338 990 1419 1036 curn

345 1087 489 1168 quatuor
504 1071 576 1144 aliis
592 1072 680 1169 :lupi
688 1075 711 1160 ¹,
733 1058 945 1162 minotauri³,
967 1073 1066 1166 equi,
1087 1058 1258 1166 aprique⁴‚
1270 1071 1420 1167 singulos

323 1301 421 1366 ’βιλῦν
444 1303 487 1352 τοῦ
508 1301 608 1364 seliros
632 1304 760 1356 Διθοῦσαν
780 1302 858 1359 ciris
901 1318 961 1370 cap.
976 1300 1032 1371 37,
1046 1298 1156 1361 rel‚nt
1170 1297 1217 1352 ulii
1235 1298 1347 1363 volunt,
1361 1299 1418 1368 39,

344 1379 514 1451 sir-pupirpus
527 1377 633 1452 lpssn'ip.
647 1406 660 1428 ι
677 1381 768 1434 Hsnn.
901 1380 974 1434 inter
987 1378 1138 1434 vexillarios
1152 1377 1276 1432 Ecclesia
1289 1381 1418 1432 Romano

389 1476 433 1512 ra.
446 1459 547 1530 Negant
556 1479 675 1534 umquam
686 1459 767 1528 Quod
778 1479 805 1514 se
814 1479 859 1514 sn·
900 1472 1090 1524 recensentur,
1113 1485 1125 1508 ι
1135 1457 1296 1531 Aquiliieri‚
1318 1458 1417 1512 Leoni·

345 1557 393 1609 prs
408 1537 492 1593 nubes
505 1541 606 1594 attollat
619 1541 726 1608 volatu,
740 1553 767 1594 et
778 1557 860 1612 suprt
901 1538 965 1602 leri,
984 1539 1120 1609 Lupiferi,
1143 1538 1314 1599 Dracouurii,
1337 1549 1387 1590 etc.
1402 1565 1413 1585 ·

345 1619 489 1672 fulminum
504 1617 586 1673 sedes
601 1619 693 1674 Hsnu.
900 1617 956 1672 Sed
971 1631 999 1672 et
1016 1619 1174 1690 elephantos
1185 1618 1322 1690 quintana
1335 1617 1418 1690 legio·

384 1699 420 1753 V.
432 1717 457 1752 ι.
471 1699 502 1753 C.
514 1699 860 1766 Marimtteltocimbfieo,
901 1699 943 1752 uis
959 1700 1041 1754 luisse
1059 1699 1189 1770 insignia,
1209 1711 1270 1770 post
1286 1699 1416 1752 bellum

344 1791 374 1831 ut
394 1789 489 1832 auctor
516 1793 555 1834 est
578 1779 715 1834 Sallustius
739 1779 768 1832 in
788 1780 859 1832 hello
901 1779 1004 1832 (ἔπειτα
1014 1793 1116 1852 gestum
1126 1779 1154 1830 in
1166 1777 1353 1832 Africascribit
1362 1779 1419 1848 Ap·

345 1857 514 1925 Catilinario,
535 1861 584 1913 sub
604 1861 701 1923 linem,
722 1877 782 1931 pag.
811 1861 859 1924 48.
900 1859 1010 1930 pimus,
1026 1858 1061 1911 de
1071 1859 1100 1911 B.
1111 1857 1197 1913 cuin.
1209 1858 1247 1920 11,
1260 1876 1288 1928 p,
1302 1859 1367 1920 tus.
1379 1857 1415 1911 ll.

344 1935 482 1992 lisam-
492 1939 607 1991 Romanis
617 1959 669 1993 eoru
681 1939 813 2010 legionibus
827 1940 860 1995 C.
943 1941 968 1993 3.
990 1939 1133 1992 Minotauri.
1156 1938 1301 2009 Vegetins,
1322 1936 1357 1990 de
1375 1938 1418 1989 tte

343 2017 453 2084 Marto,
464 2031 516 2075 etc.
531 2019 616 2084 Dion,
635 2020 682 2072 lib.
701 2021 767 2086 XL,
783 2021 858 2092 squi-
900 2019 982 2072 nuit.
1004 2019 1052 2072 liu.
1066 2019 1126 2086 111,
1143 2036 1203 2090 cup.
1220 2019 1255 2082 6,
1277 2036 1335 2090 pag.
1357 2022 1416 2086 ⁶7²

344 2098 397 2149 lam
418 2099 561 2152 militarem
584 2099 664 2152 luisse
682 2097 748 2152 dicit
763 2101 859 2170 aquilas
901 2099 1110 2164 “Tutissimum
1122 2098 1222 2172 inquit,
1233 2098 1262 2150 iu
1272 2094 1416 2170 expeditio-

344 2173 450 2230 aurenm
465 2179 627 2250 imaginem,
638 2177 666 2232 in
676 2177 786 2232 edicula
796 2199 861 2251 qun·
899 2177 980 2231 nibus
992 2175 1113 2232 facienda
1122 2178 1227 2231 nesciri.
1238 2177 1282 2230 Ob
1291 2177 1344 2229 hoc
1356 2177 1416 2229 Ve-

343 2255 405 2309 dam
432 2259 609 2324 collocatam,
634 2277 712 2330 quum
742 2260 859 2330 gestabat
901 2269 969 2310 teres
982 2258 1130 2311 Minotauri
1142 2260 1247 2328 signnm
1260 2256 1290 2309 in
1303 2255 1417 2327 legioni·

343 2349 464 2408 spectatu
473 2339 578 2394 virtutis
588 2341 681 2402 miles,
693 2340 767 2394 hasta
777 2358 860 2411 parva
899 2338 950 2391 bus
960 2339 1131 2392 habuerunt:
1145 2350 1175 2390 ut
1186 2334 1415 2410 quemadmodum

345 2418 485 2484 suffixam,
500 2422 576 2492 cujus
591 2419 744 2474 inferiorem
756 2433 858 2491 partem
900 2417 945 2470 ille
959 2418 987 2470 in
1000 2417 1094 2470 intimo
1109 2431 1135 2470 et
1149 2416 1323 2470 secretissimo
1341 2415 1416 2486 laby-

344 2497 509 2568 cuspidatam
522 2513 547 2553 et
560 2499 736 2553 acuminatam
758 2501 787 2552 in
804 2512 858 2553 ter·
898 2497 991 2551 rintho
1008 2496 1114 2550 abditus
1129 2497 1302 2568 perhibetur,
1318 2494 1353 2547 itt
1366 2494 1415 2547 dn·

343 2595 400 2629 ram
408 2575 525 2648 adigeret
536 2597 542 2632 :
553 2598 602 2633 uec
613 2580 685 2632 illam
697 2599 727 2634 ex
736 2579 858 2632 hibernis
899 2579 937 2630 cis
956 2578 1096 2631 consilium
1112 2596 1217 2649 semper
1236 2574 1356 2629 abditum
1376 2593 1416 2627 cs·

343 2657 446 2710 moveri
462 2658 580 2721 solitam,
599 2660 650 2712 nisi
665 2658 785 2731 prodiret
796 2660 857 2713 nni·
899 2671 946 2711 set.
959 2683 971 2704 ·
990 2658 1077 2710 lltbet
1091 2655 1183 2710 eadem
1199 2657 1299 2726 puriter
1307 2655 1415 2720 Festus,

342 2753 433 2790 versus
446 2739 585 2792 exercitus.
602 2737 671 2793 Had.
682 2739 746 2792 Ju'n.
758 2739 815 2804 111,
830 2759 856 2793 s.
898 2738 982 2790 verbo
996 2737 1159 2790 Minotaurus.
1176 2737 1246 2802 Qure
1259 2753 1342 2806 porro
1360 2733 1416 2787 lor·

343 2817 382 2869 De
393 2817 508 2888 legione,
523 2820 656 2885 centuria,
671 2816 786 2881 decuria,
798 2837 856 2873 ma·
898 2833 942 2869 ms
955 2817 1104 2871 Minotauri
1115 2818 1166 2883 sit,
1179 2835 1212 2870 ex
1222 2815 1414 2886 Neapolitano·

287 2911 290 2918 ·
342 2895 449 2966 nlpulo,
464 2899 571 2962 vexillo,
584 2910 682 2968 turma,
692 2899 818 2963 cohorte,
829 2909 857 2952 et
897 2914 960 2949 rum
972 2899 1092 2951 nummis
1109 2897 1257 2968 intelliges,
1273 2895 1302 2947 in
1316 2893 1414 2965 quibus

342 2973 369 3026 id
385 2994 466 3046 genus
480 2977 589 3031 militari
605 2977 744 3038 ordinum,
762 2995 791 3032 ac
806 2997 856 3050 po·
897 2975 1068 3030 Minotaurus
1083 2995 1209 3036 excusus,
1231 2992 1344 3046 corpore
1357 2985 1415 3027 tsn-

341 3057 440 3109 teststis
454 3056 619 3124 differentia,
636 3059 713 3112 Alex.
729 3059 764 3112 ab
780 3059 855 3113 Alex.
897 3057 975 3121 rino,
1001 3057 1068 3110 facie
1088 3069 1178 3110 tamen
1200 3055 1336 3126 herbaque
1350 3071 1413 3124 pto·

341 3133 389 3188 lib.
403 3137 432 3202 1,
442 3155 499 3208 cap.
517 3143 542 3191 5.
557 3137 633 3192 Idem
644 3138 678 3192 de
690 3139 771 3210 signis
785 3137 856 3190 mili·
897 3137 977 3190 missa
983 3135 1307 3200 hominis,etsicornntin
1316 3134 1412 3202 capite,

342 3213 419 3267 tarib.
434 3235 458 3269 c.
475 3222 528 3281 sl,
540 3229 566 3270 et
582 3237 631 3272 cur
644 3219 759 3291 aquilam
776 3219 854 3271 llom.
898 3233 1029 3292 auresque
1042 3215 1151 3270 bubulae
1165 3227 1237 3270 sunt.
1253 3213 1311 3267 Nisi
1324 3214 1413 3277 lortc,

340 3296 441 3348 caeteris
455 3296 580 3350 omnibus
594 3297 813 3369 anteposuerim,
828 3311 856 3352 et
898 3294 971 3368 quod
993 3297 1068 3350 vocis
1089 3295 1163 3350 illius
1181 3295 1235 3347 hoc
1260 3293 1320 3346 loco
1344 3293 1411 3345 situs

341 3373 412 3428 unde
425 3378 593 3447 sumpserint.
608 3379 711 3434 Dinno.
896 3375 1040 3430 admonere
1057 3374 1166 3428 ridetur
1187 3375 1258 3427 inter
1278 3373 1357 3444 lupos
1383 3383 1410 3424 et

383 3475 408 3508 s.
430 3455 502 3526 Lupi.
516 3456 680 3528 Complexus
693 3471 733 3512 est
745 3476 776 3510 ea
793 3477 852 3511 ver·
897 3475 994 3528 equos.
1012 3455 1102 3509 verius
1115 3468 1155 3509 est
1169 3455 1332 3507 minotaurus
1341 3451 1409 3504 nihil

339 3534 412 3588 sibus
429 3535 512 3590 Guill.
525 3537 618 3592 Brito:
638 3537 762 3592 -Vexilla
773 3557 853 3592 coru·
894 3535 969 3589 eliud
981 3537 1027 3590 hic
1042 3553 1111 3596 esse,
1124 3553 1205 3606 quam
1222 3548 1311 3588 tauros
1324 3532 1411 3584 mino·

339 3627 411 3668 soant
424 3617 553 3690 Imposita
566 3619 637 3671 aerio
655 3631 747 3680 conto,
764 3619 853 3689 louge·
895 3635 950 3680 res;
967 3615 1012 3669 sed
1026 3633 1099 3668 rems
1113 3627 1268 3679 taurorum,
1281 3612 1320 3666 uti
1330 3612 1408 3682 lupo·

337 3713 390 3765 que
408 3695 517 3749 micanti
537 3697 652 3751 Lumine
673 3697 854 3770 perstringunt
895 3715 956 3750 rum
979 3707 1006 3748 ct
1022 3713 1152 3766 equorum
1166 3694 1277 3766 effigies.
1296 3692 1364 3744 Nam
1380 3691 1410 3744 in

336 3774 406 3826 acies
426 3796 433 3826 ε
455 3796 510 3828 nun
533 3775 578 3830 illa
603 3777 749 3830 draconum
771 3779 852 3830 Ora:
896 3777 1012 3830 nummis
1033 3776 1273 3847 Neapolitanorum
1287 3769 1409 3846 symbola

338 3871 386 3907 neo
397 3854 519 3910 informis
533 3855 634 3910 Minoia
650 3861 747 3929 probra
759 3859 867 3928 juven-⁶
897 3875 927 3908 en
943 3873 1016 3909 mers
1033 3868 1109 3921 sunt,
1130 3854 1235 3908 roboris
1252 3873 1307 3926 qno
1327 3853 1357 3904 in
1378 3869 1411 3905 eo

337 3934 379 3998 ci,
394 3935 451 3988 Nec
460 3936 508 4007 qui
519 3937 610 4008 sopitis
619 3936 699 4008 lupus
711 3935 852 3990 insidiator
895 3947 982 3989 tractu
1006 3935 1133 3989 rusticani
1155 3935 1281 4007 pollent,
1303 3945 1330 3985 et
1356 3950 1411 4003 qno

336 4013 458 4079 oberrat,
472 4015 528 4072 Nec
540 4017 586 4088 qui
600 4016 758 4088 sanguineos
775 4017 853 4070 mini·
895 4027 1010 4070 utuntur
1023 4015 1050 4068 in
1065 4013 1164 4069 aranda
1175 4031 1239 4066 cum
1252 4014 1341 4067 bobus
1359 4011 1411 4064 tel·

337 4105 393 4146 tans
414 4115 458 4149 sus
475 4098 570 4151 exserit
587 4115 703 4169 ungnes,
727 4110 777 4150 etc.
792 4121 804 4142 ι
827 4097 852 4149 Δ
895 4095 964 4152 lure.
978 4095 1069 4148 Hunn.

338 4171 416 4228 Petro
429 4175 502 4230 Diec.
518 4177 621 4231 Clnon.
636 4177 725 4232 Casio.
739 4176 785 4230 lib.
800 4177 964 4262 mr
987 4176 1102 4246 Apn'que.
1117 4173 1169 4226 Vel
1186 4174 1271 4244 porci.
1289 4173 1382 4225 Festus
1400 4191 1407 4222 ι
