3200 5159
348 437 419 510 360
559 514 563 522 ,
621 445 659 512 C.
685 444 856 516 PLINII
880 442 986 512 NAT.
1011 444 1141 512 HIST.

346 584 416 644 tata
431 588 542 670 parte,
552 600 614 644 ceu
627 577 716 649 ferro
726 563 750 664 ⁵,
763 577 923 672 reliquam
939 603 1012 672 quae
1026 574 1180 671 amplexu
1197 590 1328 648 tenetur
1342 601 1417 647 sor·

346 681 456 750 beant.
472 679 577 751 Simili
594 669 718 752 ιιιοάο6
732 684 849 753 avibus
868 683 1035 756 devoratis
1053 682 1183 764 solidis,
1203 685 1416 754 contentione

298 848 300 851 ,
347 784 494 881 plumam
515 788 678 858 excitam⁷
700 804 888 860 revomunt.

313 916 325 951 ¹
397 883 523 962 xcut.
543 895 743 989 Scorpiones
761 911 850 966 terra
870 898 999 965 vivunt.
1018 896 1194 989 Serpentes
1203 892 1226 982 ¹,
1240 919 1342 990 quum
1361 919 1415 963 oc-

345 999 436 1068 casio
447 1013 514 1087 est,
528 1001 646 1068 vinum
659 1003 825 1097 praecipue
838 1015 1020 1097 appetunt,
1041 1024 1144 1095 mum
1158 999 1279 1094 alioqui
1292 1002 1414 1094 exiguo

346 1104 517 1199 indigeant
548 1120 640 1199 potu.
674 1108 808 1179 Eaedem
832 1104 992 1178 minimo²
1020 1121 1053 1176 et
1070 1131 1174 1202 paene
1200 1105 1292 1176 nullo
1314 1106 1413 1194 cibo,

346 1234 449 1304 quum
471 1227 683 1286 asservantur
703 1213 837 1286 incluse
858 1235 866 1278 :
886 1209 981 1284 sicuti
993 1214 1104 1284 aranei
1121 1236 1272 1306 quoque,
1289 1211 1414 1306 alioqui

348 1331 443 1386 suctu
467 1319 624 1388 viventes.
644 1319 788 1414 Ideoque
805 1318 933 1392 nullum
949 1319 1061 1388 interit
1077 1318 1163 1386 fame
1181 1333 1239 1387 aut
1252 1320 1304 1388 siti
1312 1342 1412 1386 vene·

347 1436 473 1492 natum.
485 1422 571 1491 Nam
585 1449 694 1519 neque
707 1425 799 1495 calor
809 1427 880 1505 his,
895 1449 1002 1518 neque
1015 1425 1166 1517 sanguis,
1179 1449 1286 1520 neque
1298 1423 1412 1511 sudor,

312 1561 327 1594 e
349 1553 423 1621 quae
435 1527 624 1599 aviditatem
638 1531 780 1601 naturali
799 1517 887 1601 sale³
900 1535 1031 1625 augent.
1044 1534 1084 1599 ln
1096 1554 1164 1623 quo
1181 1517 1324 1623 genere⁴
1338 1555 1411 1599 om·

348 1635 401 1702 nia
411 1635 714 1727 magisexitIalia,si
727 1663 824 1708 suum
834 1636 1058 1733 genusedere,
1067 1650 1242 1729 antequam
1255 1649 1410 1705 noceant.
1437 1658 1445 1675 ⁴

348 1738 473 1808 Condit
491 1740 525 1809 in
543 1741 717 1812 thesauros
738 1743 945 1813 maxillarum
970 1741 1081 1812 cibum
1109 1727 1357 1836 sphingiorum⁵
1378 1756 1412 1810 et

348 1859 534 1938 satyrorum
552 1871 656 1940 genus
674 1874 683 1915 z
702 1874 780 1918 mox
792 1849 869 1920 inde
880 1850 999 1919 sensim
1010 1847 1052 1917 ad
1067 1846 1290 1916 mandendum
1307 1849 1410 1916 mani·

320 1949 410 2020 ·bus
427 1955 592 2046 expromit
615 1977 623 2020 ε
646 1968 679 2024 et
698 1955 789 2050 quod
811 1955 956 2026 formicis
978 1957 1012 2024 in
1033 1977 1158 2022 annum
1180 1952 1325 2023 solemne
1343 1967 1411 2040 est,

348 2055 400 2128 his
421 2058 456 2126 in
473 2057 543 2131 dies
563 2058 616 2130 vel
635 2060 748 2131 horas.
769 2052 935 2150 (namn.)
949 2063 1064 2131 Unum
1084 2057 1204 2128 animal
1219 2059 1337 2154 digitos
1352 2059 1411 2128 ha·

387 2290 414 2345 5.
429 2291 610 2361 Ceasmlta
619 2295 737 2359 solerter,
747 2295 853 2348 utferro
941 2313 966 2348 a.
975 2295 1076 2348 Endera
1089 2296 1193 2347 minimo.
1207 2294 1288 2348 Arist.
1300 2293 1351 2347 loc.
1363 2294 1410 2350 cit.

346 2373 401 2425 eive
416 2373 502 2426 cultro
513 2386 677 2445 amputatam
692 2375 738 2427 ovi
751 2387 854 2444 partem
899 2373 933 2429 ad
953 2376 1073 2428 verbnm.
1088 2374 1179 2432 Iliun.

347 2451 487 2504 existimes.
501 2453 565 2506 Hoec
578 2452 669 2524 prodit
681 2452 760 2506 etiam
775 2453 855 2506 Arist.
943 2455 969 2507 8.
979 2454 1097 2506 Naturali
1108 2455 1167 2522 sole.
1178 2454 1217 2505 Ita
1225 2451 1300 2505 MSS.
1308 2471 1411 2506 omnes.

346 2528 416 2583 Ilist.
428 2529 519 2584 Anien.
529 2532 577 2586 lib.
588 2533 674 2598 VIII,
686 2550 745 2603 cap.
762 2533 856 2604 ὧρας.
900 2533 1027 2586 Naturale
1049 2531 1266 2596 incitamentum,
1288 2545 1316 2584 et
1338 2533 1412 2603 quasi

348 2611 414 2680 898.
427 2610 518 2664 Hnn.
900 2612 1035 2666 stimulum
1050 2611 1198 2674 aviditatis,
1213 2611 1262 2664 hac
1281 2609 1411 2682 loquendi

389 2693 416 2742 6·
430 2687 510 2742 Simili
523 2690 601 2746 moda.
619 2689 730 2751 Arlatot.
746 2694 807 2746 Ioco
820 2693 857 2745 ci·
901 2693 987 2746 forma
1000 2690 1133 2763 intelligit.
1146 2691 1235 2746 Hann.

347 2779 409 2824 tato.
424 2769 515 2822 Hann.
943 2777 968 2833 4.
983 2772 1014 2823 In
1027 2790 1073 2843 quo
1086 2790 1180 2839 genere.
1192 2770 1236 2822 sic
1248 2769 1327 2822 Arist.
1341 2770 1410 2822 Hiat.

389 2866 415 2916 7.
439 2847 597 2902 contentione
617 2849 725 2920 plumata
754 2857 857 2908 excitam
901 2849 992 2902 Anim.
1006 2850 1114 2912 lib.1X,
1125 2868 1183 2920 cap.
1203 2849 1252 2914 33,
1266 2867 1328 2919 pag.
1341 2851 1411 2918 988,

347 2939 476 2978 resonant.
508 2928 563 2980 Nos
590 2928 626 2980 ita
654 2928 856 2982 rescribendum
900 2941 927 2982 et
936 2928 1102 2980 AlbertusM.
1113 2924 1148 2979 de
1157 2927 1273 2980 Animal.
1284 2927 1409 2994 lib.VII,

346 3005 510 3070 censuimus,
531 3025 565 3058 ex
592 3007 708 3077 vestigiis
733 3006 856 3061 codicum
900 3019 974 3061 tract.
990 3025 1017 3070 a,
1032 3006 1126 3075 capi,
1142 3025 1201 3078 pag.
1217 3005 1408 3071 236,morsum

347 3085 413 3154 Reg.
438 3102 464 3148 a,
489 3085 607 3149 a,Colb.
628 3105 654 3150 ι,
671 3107 702 3152 a,
725 3086 809 3140 Parin.
828 3088 856 3140 in
899 3086 1019 3139 animalis
1039 3099 1095 3141 tum
1114 3084 1408 3158 maximedoceatper·

347 3163 539 3232 quibuspiam
555 3177 579 3216 et
593 3169 641 3216 cito
654 3166 762 3236 legitur:
775 3170 855 3237 vulgo
899 3165 1029 3218 niciosum
1046 3166 1117 3231 lore,
1133 3164 1155 3218 si
1167 3164 1240 3222 aliud
1253 3163 1352 3236 pariter
1361 3183 1408 3218 ve·

346 3239 412 3294 editi
433 3243 509 3308 libri,
526 3245 622 3314 platinas
638 3257 663 3296 et
683 3265 746 3300 osea.
767 3244 855 3301 l’arm.
899 3258 1025 3299 uenatum
1055 3243 1130 3314 priua
1154 3245 1303 3310 voraverit,
1329 3255 1359 3296 ut
1385 3246 1409 3298 si

346 3333 371 3371 et
382 3334 470 3372 coetera
479 3342 541 3375 osea.
555 3323 646 3379 Ham.
899 3324 990 3395 vipera
1001 3324 1179 3394 scorpionem.
1192 3326 1293 3376 Auctor
1302 3322 1365 3379 libri
1373 3323 1410 3376 de

385 3401 489 3455 XCIII.
499 3401 665 3474 adimentes.
674 3404 855 3468 Quamobrem
899 3404 994 3456 mirab.
1010 3405 1088 3462 Auso.
1106 3405 1168 3464 Τοὺς
1184 3405 1208 3455 ln
1220 3403 1295 3474 Νάξῳ
1309 3402 1406 3472 spineis

344 3479 449 3552 viperas
462 3474 570 3551 quidam
590 3483 627 3535 eic
647 3495 788 3548 venantur,
811 3483 852 3537 in·
899 3501 981 3552 φασιν,
992 3483 1051 3538 ὅταν
1066 3483 1162 3554 φάγωσι
1172 3489 1214 3536 τοῦ
1233 3477 1409 3554 1χιως(προσ-

344 3559 404 3631 quit
423 3559 522 3615 Philon.
540 3561 607 3616 Hist.
626 3562 673 3614 lib.
687 3563 771 3628 VIII,
792 3581 851 3634 cap.
896 3563 964 3630 φιλής
981 3557 1008 3614 d'
1021 3564 1103 3626 αὐτοῖς
1124 3563 1140 3618 ἡ
1161 3563 1236 3634 σὰρξ,
1257 3564 1288 3624 ὃς
1311 3562 1405 3622 Ieme,

345 3641 373 3705 8,
385 3657 445 3710 pag.
462 3640 531 3708 897,
544 3639 669 3711 imposito
681 3641 808 3696 nimirum
824 3641 852 3694 in
897 3631 1078 3709 iciddnndtir
1092 3660 1148 3696 τινα
1163 3641 1308 3706 marinoni,
1318 3659 1410 3712 nepio-

342 3720 449 3790 aepibns
464 3719 545 3772 rino:
563 3721 642 3772 ebria
656 3719 729 3772 enim
740 3722 852 3791 capiun—
896 3715 984 3782 divom
998 3725 1090 3786 ποιιῖν,
1104 3721 1153 3781 des
1168 3723 1341 3791 χαλεπωτέραν
1350 3721 1408 3790 φαί-

342 3810 395 3851 tur.
410 3798 545 3851 Iuvenalis
559 3798 651 3871 Satyra
667 3803 696 3864 6,
714 3818 753 3854 rs.
777 3806 852 3869 6²9:
896 3805 980 3854 stolen
996 3806 1040 3861 τῆς
1056 3806 1151 3871 πληγῆς
1168 3806 1215 3852 τῶν
1233 3801 1315 3867 ἔχεων.
1330 3799 1364 3850 II.

344 3904 355 3924 ι
372 3891 499 3948 tanquam
527 3879 579 3932 alta
603 3879 632 3933 in
659 3879 730 3932 dolia
757 3879 853 3954 longus
938 3879 1150 3950 5.Splnngiornrn.
1159 3881 1199 3932 De
1207 3878 1247 3930 hia
1256 3875 1407 3942 libroVIII,

341 3956 475 4010 Deciderit
493 3977 622 4030 serpena,
641 3959 731 4024 bibit,
757 3972 783 4012 et
805 3980 852 4012 vo·
895 3977 954 4029 cap.
970 3959 1018 4024 303
1030 3957 1064 4010 de
1083 3959 1190 4030 satyris,
1207 3955 1300 4011 eodem
1315 3957 1403 4018 libro.

338 4037 395 4089 mit.
411 4063 421 4083 ι
442 4037 532 4091 Hnan.
895 4057 952 4109 cap.
967 4041 1010 4092 80.
1022 4037 1113 4091 Hono.
