3200 5159
340 449 411 522 368
615 453 654 522 C.
678 452 850 524 PLINII
873 453 906 524 N
912 455 980 524 AT.
1007 455 1135 525 HIST.

340 587 519 657 emtionem
533 585 643 656 babet.
657 587 700 656 In
713 587 946 676 terrestribus,
963 587 1075 658 omnia
1087 611 1160 683 quae
1178 589 1409 674 conniveant¹‚

340 693 486 762 dormire
501 692 714 762 manifestum
736 707 795 762 est.
814 691 998 788 Aquatilia²
1016 719 1149 789 quoque
1167 696 1321 790 exiguum
1340 698 1411 791 qui-

340 799 437 883 dem,
454 801 553 868 etiam
568 800 625 893 qui
638 799 679 868 de
690 800 818 869 crateris
829 799 998 888 dubitant,
1015 799 1160 870 dormire
1179 815 1290 870 tamen
1304 804 1410 872 existi·

338 920 433 974 mant
447 931 455 973 :
470 931 539 975 non
549 904 723 975 oculorum
737 920 953 1000 argumento,
965 907 1043 1000 quia
1055 931 1123 976 uon
1133 906 1259 976 habent
1272 895 1408 1004 genas³t

338 1036 457 1080 verum
470 1014 539 1107 ipsa
554 1015 665 1106 quiete
676 1026 859 1081 cernuntur
872 1010 1020 1107 placida,
1037 1037 1098 1082 ceu
1114 1027 1285 1107 soporata,
1300 1038 1407 1109 neque

337 1116 427 1187 aliud
444 1143 546 1212 quam
568 1104 710 1188 caudas⁴
727 1119 914 1204 moventia,
939 1133 972 1186 et
998 1117 1041 1186 ud
1063 1117 1241 1188 tumultum
1265 1119 1407 1214 aliquem

338 1225 599 1319 expavescentia.
614 1227 667 1295 De
681 1210 834 1319 thynnis⁵
856 1223 1075 1294 confidentius
1090 1223 1297 1295 affirmatur:
1310 1227 1407 1320 juxta

338 1333 427 1426 ripas
446 1333 534 1399 enim
558 1346 617 1400 aut
638 1345 748 1426 petras
774 1331 956 1400 dormiunt.
981 1328 1073 1400 Plani
1103 1317 1237 1400 autem⁶
1264 1335 1406 1426 piscium

339 1438 374 1505 in
394 1435 497 1516 vado,
520 1451 558 1505 ut
578 1461 680 1506 manu
698 1462 783 1532 saepe
805 1434 972 1506 tollantur.
992 1435 1078 1506 Nam
1095 1435 1284 1532 delphini⁷‚
1305 1437 1407 1508 balre-

339 1567 456 1638 naeque
476 1557 651 1613 stertentes
672 1545 772 1612 etiam
789 1543 979 1612 audiuntur.
1001 1545 1132 1612 Insecta
1154 1529 1304 1638 quoque⁸
1326 1543 1407 1613 dor-

340 1651 424 1719 mire
443 1649 572 1719 silentio
587 1663 743 1746 apparet,
764 1652 843 1744 quia
859 1673 903 1718 ue
920 1647 1098 1718 luminibus
1115 1649 1246 1743 quidem
1265 1649 1407 1720 admotis

342 1756 537 1826 excitentur.
1066 1841 1068 1848 Ι

308 1894 321 1934 ι
393 1863 555 1931 XCVIII.
578 1863 691 1930 Homo
717 1861 847 1956 genitus
871 1863 1034 1955 premitur
1058 1885 1176 1932 sonmo
1201 1886 1261 1956 per
1282 1860 1407 1956 aliquot

340 1993 498 2039 menses:
524 1967 642 2036 deinde
666 1965 797 2062 longior
820 1969 855 2036 iu
875 1967 945 2038 dies
966 1966 1086 2061 vigilia.
1106 1966 1273 2060 Somniat¹
1296 1970 1407 2038 statim

379 2160 494 2219 xcvll.
515 2185 540 2216 ι.
558 2164 622 2234 Quas
634 2165 782 2214 counimus.
797 2163 851 2214 Du·
938 2168 965 2226 4.
984 2161 1065 2232 Quam
1078 2161 1176 2215 modas.
1187 2163 1219 2213 In
1229 2161 1306 2216 Mss.
1314 2161 1405 2216 cwdis.

340 2245 473 2316 lecampio
495 2241 577 2313 magis
596 2242 698 2312 placet,
719 2261 773 2314 φα
793 2261 851 2294 eoa·
896 2241 994 2304 Forte,
1008 2241 1091 2294 caudis
1110 2261 1135 2293 se
1148 2241 1372 2297 morentiallann.

342 2337 454 2386 eneruem
465 2322 563 2393 ingenti
578 2339 640 2373 sane
656 2337 765 2384 errore,
776 2317 852 2374 eodi‘·
938 2319 964 2373 5.
978 2321 1019 2371 De
1039 2322 1145 2394 thyaris.
1160 2320 1268 2376 Aristot.
1284 2340 1311 2392 p.
1331 2323 1406 2376 ὅου

339 2423 456 2476 cumque
481 2401 665 2474 probationum
688 2413 852 2472 contemptu.
899 2400 1096 2472 uThynnorum
1110 2400 1407 2473 speculatores‚inquit,

339 2483 493 2537 Aristoteles
516 2493 588 2534 certe
606 2493 739 2550 receptam
759 2479 852 2533 lectio·
896 2481 995 2533 retibus
1013 2479 1122 2550 cingunt
1142 2477 1316 2544 dormientes,
1332 2479 1408 2552 qnod

339 2582 403 2617 nem
416 2561 519 2635 egregie
532 2571 630 2613 tuetur.
646 2559 691 2613 Sic
712 2559 784 2613 enim
798 2559 852 2626 ille,
896 2557 988 2614 vident
1012 2559 1070 2631 capi
1091 2578 1173 2630 ‘posse
1197 2577 1246 2630 per
1269 2559 1406 2630 quietem,

340 2644 441 2696 Histoe.
463 2640 578 2694 Animal.
597 2640 644 2693 lib.
657 2640 708 2704 IV,
726 2657 784 2710 cap.
807 2657 850 2704 ro,
896 2657 980 2710 quum
995 2638 1147 2710 albuginem
1169 2639 1308 2692 oculorum
1329 2641 1408 2692 serni·

339 2741 400 2794 pag.
418 2729 491 2792 499:
516 2721 554 2774 ὅτι
567 2718 853 2790 ὅσαπιζάκαὶῐναιμα,
897 2729 1015 2790 apertam
1027 2716 1198 2772 ostendunt·
1219 2719 1304 2788 Igitur
1324 2717 1352 2772 id
1365 2720 1409 2772 rel

339 2805 426 2856 πάντα
443 2795 557 2854 xebebdu
574 2799 618 2852 καὶ
630 2800 766 2870 lampii,
781 2817 855 2868 pass·
897 2798 1039 2851 oculorum
1054 2797 1145 2868 aliqua
1153 2798 1300 2852 nictatione
1308 2797 1353 2864 fit,
1363 2811 1410 2852 unt

340 2887 378 2952 ptr
390 2887 486 2936 ποιοῦσι
499 2876 567 2932 κατὰ
577 2880 623 2934 τὴν
633 2879 754 2933 αἴσθησιν·
765 2877 852 2931 πάντα
898 2876 1046 2930 versatione
1063 2877 1180 2931 orbium.
1190 2877 1281 2931 Euan.

338 2961 387 3032 γὰρ
410 2962 458 3014 ὅσα
486 2962 536 3026 [χιι
563 2953 728 3029 βλεφαρίδας,
756 2959 852 3028 absin
936 2957 1051 3011 6.th
1070 2969 1158 3008 autem·
1177 2957 1256 3012 Conl.
1273 2957 1407 3012 Aristotel.

339 3045 448 3095 ποιιῑται
458 3039 593 3091 absimus.
610 3063 622 3086 ι
636 3037 703 3102 Qun
713 3036 790 3089 humi
805 3035 852 3088 de·
895 3054 955 3108 pag.
972 3035 1036 3089 502.
1051 3035 1144 3090 Bran.

340 3133 423 3192 gunt,
442 3132 469 3173 et
490 3118 616 3188 sanguine
634 3128 757 3185 concreta
776 3127 851 3183 sunt,
936 3133 961 3187 7.
976 3115 1102 3186 malini,
1116 3129 1166 3169 etc.
1181 3115 1290 3169 Aristot.
1300 3133 1328 3188 p.
1342 3116 1407 3182 504,

340 3201 398 3253 bec
432 3197 522 3252 omnia
542 3196 661 3250 dormire
686 3213 716 3249 ae
741 3195 852 3265 vigilare
897 3193 1015 3248 dormire
1037 3194 1087 3248 bos
1110 3195 1148 3248 ait
1175 3194 1262 3250 listula
1283 3197 1317 3248 ab
1333 3195 1409 3267 aquis

341 3299 420 3333 sensu
434 3280 492 3350 ipso
514 3276 680 3329 menifestum
702 3287 749 3329 est.
773 3275 853 3340 Qun·
898 3287 1025 3338 exstante,
1046 3291 1096 3344 per
1117 3293 1197 3346 quarn
1217 3286 1244 3327 et
1263 3275 1409 3346 respirent,

341 3377 457 3432 cumque
485 3357 557 3409 euim
584 3355 717 3427 palpebris
743 3352 855 3426 predita
899 3348 971 3408 dr'ob
984 3354 1196 3408 salsissimum.
1209 3354 1299 3406 Eunu.

341 3451 424 3502 sunt,
439 3456 469 3491 ea
493 3435 637 3488 connivent
659 3435 769 3500 omnia,
789 3432 855 3487 dum
941 3436 968 3487 8.
983 3434 1076 3486 Inserta
1092 3453 1191 3506 qunque.
1205 3433 1287 3486 Arist.
1302 3451 1330 3506 p.
1345 3431 1410 3500 tos,

341 3537 466 3572 somnum
483 3515 628 3587 accipiunt.
640 3539 651 3561 ι
662 3511 742 3579 Quod
752 3511 788 3566 ad
799 3531 856 3566 seu·
900 3531 962 3584 spes
973 3513 1001 3565 in
1013 3513 1165 3585 exemplum
1179 3512 1264 3566 allert.
1277 3512 1368 3566 llrnn.

341 3617 418 3663 sum,
433 3609 527 3650 auctor
540 3593 647 3666 prefuit
662 3594 771 3647 Aristot.
787 3593 855 3646 Hist.
940 3591 1054 3646 xcvu.
1071 3609 1094 3644 r.
1108 3591 1218 3644 Somnus
1227 3594 1308 3643 statim
1320 3593 1410 3659 infirm.

342 3683 395 3731 An.
408 3677 455 3730 lib.
469 3676 520 3740 lV,
534 3692 592 3745 cap.
616 3690 668 3736 ro,
693 3693 721 3744 p.
740 3679 807 3742 499.
820 3671 855 3725 Η.
900 3671 1018 3725 Infantes
1032 3689 1087 3722 non
1101 3671 1189 3725 statim
1209 3673 1411 3737 somniamus-

384 3780 410 3811 n.
423 3756 559 3828 Aquatiliu.
575 3753 654 3805 Arist.
667 3769 728 3824 pag.
743 3753 805 3806 500.
820 3752 855 3805 Η.
900 3763 960 3804 otor
969 3765 1008 3804 est
1018 3749 1170 3804 Aristoteles
1181 3751 1250 3804 libro
1265 3749 1299 3803 de
1312 3751 1413 3805 insom-

385 3837 411 3890 3.
434 3837 525 3890 Genus.
546 3835 606 3885 Hoc
627 3843 679 3892 est,
702 3832 856 3904 palpebras,
901 3831 967 3896 niis,
990 3830 1076 3900 cupite
1096 3831 1175 3884 tertio
1197 3847 1204 3884 :
1233 3842 1259 3883 et
1282 3830 1352 3884 libro
1376 3831 1412 3884 de

342 3919 466 3989 βλέφαρα,
481 3914 578 3987 quibus
596 3911 778 3966 connivemus.
786 3910 857 3965 Vide
901 3909 1065 3964 Animalibus
1078 3909 1186 3962 historin
1195 3919 1308 3981 quarto,
1325 3909 1411 3982 capite

341 4017 402 4068 que
412 3995 510 4050 dicturi
528 4009 619 4046 snmus
635 3990 705 4046 libro
717 4005 858 4063 sequente,
901 3989 1016 4044 decimo.
1026 3986 1102 4042 Idem
1111 4002 1199 4042 tamen
1208 3990 1277 4042 libro
1288 3989 1412 4060 septimo,

339 4097 398 4150 cap.
415 4078 449 4148 57
461 4087 488 4128 et
505 4074 552 4128 58.
563 4071 656 4127 nun.
902 4069 1034 4128 somniare
1051 4067 1150 4124 asserit.
1169 4071 1204 4122 At
1222 4087 1312 4122 rursus
1334 4079 1413 4139 neget
