3200 5159
379 538 453 634 370
552 540 589 606 C.
619 537 784 606 PLINII
815 535 918 605 Nur.
949 539 1071 607 HIST.
1101 541 1198 607 LIB.
1228 541 1273 608 X.

376 673 513 757 mentis,
531 685 687 739 utrumne
709 671 774 738 sint
791 669 900 764 aliqua
924 673 1072 764 praescitn
1094 672 1195 739 animi
1216 673 1441 765 quiescentis:

377 802 443 871 qua
463 776 546 845 fiant
566 778 712 858 ratione,
735 801 776 844 an
794 777 928 846 fortuita
948 801 998 846 res
1021 778 1082 862 sit,
1103 792 1140 846 ut
1162 775 1326 872 pleraque.
1351 781 1395 847 Et
1415 779 1442 847 si

345 911 359 945 ι
378 882 535 978 exemplis
553 897 686 977 agatur,
710 883 860 977 profecto
882 885 972 978 paria
995 883 1084 951 fiant.
1106 885 1133 954 Α
1154 885 1232 952 vino
1263 898 1296 953 et
1319 909 1338 952 a
1361 885 1442 955 cibis

378 991 545 1084 proxima,
562 1003 661 1084 atque
679 990 713 1056 in
732 988 1002 1058 redormitntione
1024 1013 1107 1056 vana
1125 1014 1197 1058 esse
1212 978 1282 1059 visa
1291 975 1315 1074 ⁶,
1334 1015 1441 1085 prope

378 1097 544 1165 convenit.
565 1098 626 1164 Est
644 1109 754 1163 autem
773 1095 925 1166 somnus⁷
946 1095 1028 1164 nihil
1047 1094 1152 1180 aliud,
1171 1120 1269 1190 quam
1285 1098 1385 1166 animi
1406 1098 1442 1165 in

378 1203 523 1271 medium
549 1225 619 1270 sese
637 1225 794 1270 recessus.
805 1205 928 1270 Praeter
940 1187 1128 1270 hominem⁸
1147 1204 1310 1271 somniare
1323 1226 1442 1297 equos,

378 1335 495 1393 canes,
514 1309 637 1395 boves,
655 1306 817 1403 pecora⁹,
840 1333 976 1402 capras,
996 1305 1106 1402 palam
1126 1323 1184 1376 est.
1207 1309 1262 1376 Ob
1282 1309 1348 1379 hoc
1370 1334 1440 1379 cre·

378 1417 467 1485 ditur
482 1429 516 1482 et
533 1416 566 1482 in
583 1414 737 1482 omnihus
753 1437 826 1508 qum
843 1413 963 1482 animal
983 1413 1154 1508 pariant¹⁰.
1172 1417 1225 1483 De
1236 1416 1273 1484 iis
1289 1440 1362 1509 quae
1377 1439 1440 1483 ova

378 1524 535 1618 gignunt,
555 1523 715 1588 incertum
737 1533 809 1588 est:
830 1519 884 1588 sed
907 1519 1129 1604 dormirem,
1154 1535 1292 1589 certum.
1314 1523 1440 1590 Verum

377 1628 419 1696 ad
442 1629 565 1695 insecta
590 1641 794 1694 transeamus
820 1645 827 1687 τ
850 1626 920 1696 haec
951 1651 1092 1720 namque
1120 1641 1247 1696 restent
1274 1628 1441 1696 immense

365 1732 564 1802 subtilitatis
592 1730 744 1800 animalia
760 1750 767 1792 τ
782 1730 916 1826 quando
934 1731 1035 1826 aliqui
1057 1757 1095 1800 ea
1114 1756 1221 1826 neque
1247 1735 1389 1827 spirare,
1407 1747 1441 1800 et

377 1841 535 1934 sanguine
551 1837 648 1906 etiarn
665 1860 777 1905 carere
791 1836 1017 1932 prodiderunt.

375 2007 540 2070 lactantius,
559 2007 606 2058 lib.
630 2005 796 2076 de'Opiflcio
819 2005 884 2069 Dei,
930 2007 1060 2060 ertusVis
1078 2006 1189 2068 animm,
1206 2007 1357 2080 partimque
1372 2007 1442 2061 foras

376 2107 433 2160 cap.
454 2089 499 2150 18,
514 2106 541 2157 p.
561 2085 741 2156 580‚quaetu,
758 2085 885 2149 sissent,
931 2089 1011 2156 ejects
1023 2085 1143 2151 recessit,
1160 2089 1193 2140 Et
1209 2089 1305 2158 partim
1319 2101 1442 2141 contrusa

376 2167 490 2221 consule.
515 2168 555 2217 De
579 2176 636 2217 toto
655 2165 708 2217 hoc
730 2176 886 2234 ergumento
931 2168 1013 2236 magis
1028 2167 1157 2220 concessit
1178 2168 1207 2218 in
1229 2168 1321 2220 altum.
1343 2169 1441 2220 Dissol·

376 2243 632 2308 Mncmbiumvide‚
646 2244 673 2296 in
695 2244 785 2296 Soron.
815 2244 887 2315 Scip.
932 2258 1031 2298 vuntur
1045 2246 1115 2297 enim
1130 2259 1186 2298 tum
1197 2244 1303 2300 demum
1313 2247 1440 2309 membra,

375 2327 536 2396 lib.1‚cap.
557 2325 588 2380 3,
609 2341 638 2393 p.
664 2323 779 2385 10,cui
809 2322 887 2392 ospiti
932 2323 1082 2394 fluuntque.
1105 2325 1172 2377 Num
1189 2323 1299 2379 dubium
1315 2346 1369 2379 non
1388 2340 1441 2392 est,

376 2408 489 2471 lemme,
525 2429 536 2450 ι
560 2403 686 2472 Quinque
713 2420 768 2454 esse
793 2419 889 2472 genera
933 2403 1029 2456 enimsi
1039 2403 1105 2474 quin
1116 2423 1195 2475 opera
1204 2406 1237 2460 sit
1249 2405 1345 2459 Sensus
1357 2407 1401 2460 hie
1412 2407 1442 2458 in

377 2481 557 2537 somniandi·
577 2482 745 2534 Aristotelem
764 2499 888 2552 quoque,
932 2483 1119 2552 nohis,quem
1132 2502 1214 2554 quum
1231 2504 1309 2556 sopor
1329 2485 1442 2557 impedit

377 2564 422 2616 lib.
435 2563 468 2616 de
478 2562 568 2615 Dirin.
587 2580 636 2633 per
648 2579 733 2613 somn.
743 2578 800 2631 cup.
819 2577 843 2624 r,
859 2577 886 2630 p.
931 2581 1001 2628 esse,
1015 2563 1085 2614 Tum
1105 2563 1182 2615 nobis
1198 2565 1312 2617 enimam
1336 2577 1441 2637 pertur-

378 2649 432 2713 697
444 2654 470 2695 et
484 2643 548 2711 698.
559 2641 652 2694 Hunn.
931 2642 1018 2695 butem
1028 2659 1081 2694 esse
1092 2641 1240 2713 putandum
1248 2657 1286 2696 est
1294 2682 1302 2708 ,
1311 2643 1443 2713 Ejectum·

417 2727 445 2775 6.
460 2723 491 2774 In
505 2721 697 2773 ndomitatr'one
708 2737 838 2770 sanaem
850 2721 888 2771 νὶ·
932 2739 983 2793 que
1005 2722 1089 2786 fores,
1107 2739 1162 2774 non
1175 2741 1302 2776 ornnem:
1325 2743 1442 2795 namque

376 2823 412 2855 sa.
422 2803 515 2854 Horat.
533 2802 643 2870 «Atque
656 2817 705 2869 ego
721 2817 805 2869 quum
822 2817 886 2868 grn-
929 2803 1027 2871 jaceret
1049 2803 1159 2853 AEterno
1188 2821 1285 2876 corpus
1305 2804 1442 2873 perfusum

377 2901 422 2935 eos
434 2881 557 2941 tacerem,
566 2890 643 2932 nutus
653 2897 725 2930 mere
735 2878 809 2937 eitra,
818 2879 887 2931 Ver·
931 2879 1030 2949 frigore
1038 2881 1093 2934 leti.
1104 2880 1213 2953 Quippe
1223 2882 1268 2934 ubi
1276 2881 1349 2934 nutu
1357 2883 1442 2935 latens

377 2957 888 3025 siculos,setuitmetnlivoceQuirinus5
932 2960 1028 3012 animai
1036 2979 1096 3031 pers
1108 2959 1296 3014 remaneretln
1307 2963 1441 3022 membris,

377 3041 439 3094 Post
453 3037 569 3091 medinm
583 3049 686 3090 noctem
695 3037 784 3100 visus,
805 3055 888 3107 quum
932 3039 1056 3093 cinereut
1065 3040 1145 3092 multe
1160 3041 1223 3093 latet
1233 3041 1344 3094 obrutus
1356 3041 1442 3112 ignis,

376 3119 479 3173 somnis
493 3137 563 3171 tera.
576 3143 588 3164 ι
609 3116 781 3170 Ducite-A
795 3121 854 3167 vino
866 3128 891 3167 et
934 3116 1013 3171 Unde
1027 3119 1168 3173 reconflari
1185 3139 1275 3173 sensus
1293 3140 1342 3192 per
1357 3139 1442 3174 mem·

377 3222 393 3251 o
407 3199 465 3251 cibis
471 3201 596 3270 proxima,
612 3208 661 3250 etc.
679 3197 711 3248 In
728 3191 888 3267 quibusdem
933 3198 980 3250 hrs
1013 3212 1122 3269 repente
1153 3199 1252 3265 Possit,
1278 3212 1307 3253 ut
1334 3201 1441 3270 exigui

377 3277 454 3332 MSS.
468 3278 564 3349 legitur
581 3288 695 3328 autumno
706 3295 716 3328 .·
731 3273 777 3327 sed
792 3275 888 3345 plane,
933 3295 1002 3331 cneo
1026 3295 1184 3349 consurgere
1213 3278 1335 3346 flemme,
1358 3293 1408 3332 etc.
1426 3305 1438 3327 ι

377 3356 522 3431 utquidem
532 3355 645 3420 videtur,
654 3367 745 3406 contra
754 3355 889 3425 scriptoris
923 3359 1025 3410 ΗΑΒ».

377 3451 492 3491 mentem
507 3453 514 3488 τ
527 3436 573 3506 qni
586 3433 819 3497 1ib.xxvl11,c.
839 3439 889 3498 14,
975 3439 1000 3490 8.
1012 3437 1238 3492 Frater-bominem.
1249 3438 1329 3491 Aris't.
1347 3437 1442 3491 iisdem

378 3538 409 3569 ex
432 3514 570 3569 Aristotele
598 3526 624 3566 et
648 3512 765 3566 Fabiano
791 3510 886 3575 tradit,
934 3513 1110 3579 verbisiiist.
1128 3517 1217 3572 Anim.
1233 3519 1381 3584 lih.1V,c.
1399 3537 1445 3582 10,

378 3599 448 3650 eirca
462 3613 509 3647 ver
523 3606 550 3646 et
567 3605 724 3645 autumnum
740 3592 886 3662 plurimum
931 3615 958 3666 p.
976 3596 1035 3648 500.
1049 3594 1140 3650 Hero.

379 3675 512 3729 mmninri.
524 3673 618 3726 Hsnn.
974 3695 1000 3744 9.
1017 3674 1116 3728 Pecoru.
1132 3676 1216 3740 Oves,
1229 3675 1353 3742 npo'Gatn.
1365 3677 1401 3731 H.

419 3776 446 3827 7.
463 3755 511 3806 Est
523 3763 601 3804 autem
613 3771 715 3804 semum.
731 3749 887 3816 Lucretius,
976 3771 1017 3806 ro.
1034 3754 1096 3822 Qun
1110 3756 1202 3808 anthr!
1211 3760 1320 3827 pariunt.
1334 3758 1368 3809 Et
1383 3775 1444 3828 qun

378 3839 425 3890 lib.
446 3835 497 3898 IV,
513 3851 581 3886 vers.
602 3837 676 3900 914,
695 3830 780 3882 somni
799 3849 889 3883 causes
933 3833 984 3885 sint
998 3832 1184 3905 quadrupeda,
1194 3839 1243 3888 πᾶν
1256 3839 1284 3890 τὺ
1295 3844 1343 3889 τῶν
1351 3838 1443 3897 (uore-

377 3927 523 3978 scrutatus,
536 3912 572 3965 ite
586 3910 683 3964 cecinit
700 3928 707 3963 :
724 3937 735 3959 ι
751 3909 888 3980 Principio
932 3933 997 3976 κων,
1012 3913 1054 3965 καὶ
1066 3910 1225 3984 τετραπόδων
1242 3919 1319 3986 γένος.
1334 3916 1444 3969 Aristot.

377 4014 485 4049 somnus
506 3993 553 4055 fit,
572 3990 620 4044 ubi
639 4003 676 4042 est
698 3988 819 4042 distructa
840 4007 889 4060 per
933 3991 984 4044 loc.
1001 3993 1045 4045 cit.
1063 3993 1151 4046 iiten.

789 4177 1026 4202 ᾡ-
