3200 5159
302 460 1018 569 GPLINHSECUNDI

131 700 669 855 NATURALIS
725 655 1197 821 msromn

503 950 694 1037 LIBER
733 950 821 1035 IX.
939 949 944 966 ²

464 1143 859 1177 ψ

129 1261 510 1402 l.(r)An1nnu1urr,
530 1337 603 1406 quae
622 1311 791 1405 terrestria
811 1310 1070 1406 appellavimus,
1091 1312 1199 1383 homi·
1221 1338 1233 1371 ¹

129 1442 201 1484 num
223 1417 376 1510 quadam
397 1421 607 1487 consortione
633 1418 803 1513 degentia,
831 1418 974 1487 indicata
998 1434 1117 1488 natura
1140 1435 1199 1491 est.

130 1526 174 1591 Ex
191 1522 335 1617 reliquis
351 1526 507 1594 minimas
528 1549 598 1595 esse
616 1524 769 1594 volucres
786 1527 953 1594 convenit.
974 1526 1201 1614 Quamobrem

131 1632 212 1723 prius
233 1655 434 1724 aequorum‚
461 1633 625 1719 amnium,
645 1646 905 1733 stagnorumque
923 1632 1084 1702 dicentur.
1110 1622 1201 1726 (u.)

99 1736 104 1753 '
131 1739 208 1805 Sunt
234 1751 354 1805 autem
377 1736 550 1832 complura
572 1740 606 1807 in
629 1739 684 1825 iis,
704 1738 831 1831 majora
845 1740 958 1822 'etiam
980 1739 1202 1809 terrestribus.

131 1844 230 1912 Causa
246 1842 409 1930 evidens,
428 1844 578 1913 humoris
592 1843 730 1913 luxuria.
747 1843 821 1912 Alia
842 1870 913 1914 sors
932 1843 1064 1932 alitum,
1082 1846 1203 1940 quibus

133 1950 191 2017 rita
210 1950 468 2044 pendentibus¹.‘
490 1953 529 2019 Iu
547 1954 630 2020 mari
648 1966 758 2020 autem
779 1966 847 2020 tam
863 1950 927 2019 latc
943 1954 1079 2047 supino,
1096 1951 1202 2021 molli·
1223 1979 1237 2011 π

132 2080 187 2148 que
207 2081 246 2125 ac
267 2056 374 2126 fertili
398 2056 618 2127 nutrimento²
638 2060 821 2152 accipiente
844 2082 959 2127 causas
986 2044 1163 2152 genitales³
1185 2086 1205 2129 e

132 2160 257 2231 sublimi
274 2188 478 2258 semperque
496 2166 644 2258 pariente
663 2179 799 2251 natura,
814 2163 970 2259 pleraque
988 2167 1087 2234 etiam
1104 2191 1204 2235 mon·

133 2269 246 2338 strifica
262 2272 496 2364 reperiuntur,
508 2268 672 2366 perplexis
685 2285 719 2339 et
730 2272 763 2337 in
776 2286 880 2340 semet
894 2269 988 2339 aliter
999 2286 1098 2366 atque
1111 2271 1205 2348 aliter

134 2400 212 2444 nunc
232 2376 339 2463 flatu,
359 2402 449 2446 nunc
459 2378 562 2447 fluctu
576 2376 763 2447 convolutis
780 2377 976 2464 seminibus,
994 2393 1093 2472 atque
1114 2380 1204 2473 prin·

134 2483 217 2575 cipiis
239 2511 247 2551 :
271 2508 356 2551 vera
377 2497 414 2552 ut
436 2482 494 2553 liat
515 2482 605 2578 vulgi
635 2485 768 2578 opinio,
800 2483 959 2578 quidquid
987 2499 1144 2555 nascatur
1170 2487 1205 2553 iu

134 2602 218 2681 parte
239 2604 374 2659 naturae
403 2588 488 2673 ulla,
511 2604 545 2658 et
572 2591 605 2657 in
628 2592 712 2659 mari
735 2615 828 2677 essc3
857 2604 1058 2685 praeterque,
1080 2589 1204 2679 multa,

135 2719 199 2787 quae
216 2720 385 2791 nusquam
405 2694 493 2765 alibi.
516 2698 642 2767 Rerum
666 2683 838 2791 quidem⁴‚
857 2722 926 2766 non
947 2696 1055 2766 solum
1076 2700 1238 2768 anima-3

165 2896 219 2948 1.1.
235 2899 332 2965 Quibus
341 2898 397 2948 uita
403 2898 573 2966 pendentibus.
588 2895 646 2948 Hoc
691 2895 736 2960 11,
750 2912 775 2947 o.
788 2895 804 2947 3
817 2914 824 2949 ε
839 2895 995 2961 «Quoniam
1012 2895 1075 2952 inde
1089 2898 1118 2966 (e
1128 2897 1205 2968 calo)

135 2986 169 3026 ert
177 2994 235 3046 qua
242 2978 342 3029 vivunt
350 2974 496 3047 pendentes
507 2975 536 3027 iu
547 2985 648 3038 oere,et
690 2972 811 3027 deciduis
823 2992 913 3027 rerunt
923 2976 1044 3028 omnium
1058 2977 1205 3031 seminibus

136 3052 160 3103 id
174 3056 237 3107 mari
254 3055 390 3127 opponit,
407 3054 482 3107 molli
500 3072 596 3123 nempe
614 3071 646 3105 no
691 3052 854 3118 innumerus,
877 3054 904 3107 in
924 3055 992 3107 muri
1005 3056 1154 3127 prucipue,
1174 3074 1206 3108 tc

135 3133 282 3201 gmitaliurn
293 3134 426 3187 seminum
437 3135 575 3205 plenodr.
691 3132 849 3205 plerumque
875 3135 1008 3198 conlutis,
1036 3137 1206 3190 monstrifica

168 3232 189 3263 t.
205 3216 328 3280 Hollt'que
346 3234 377 3265 ao
387 3214 472 3281 fertili
488 3214 644 3265 menimento.
691 3210 975 3285 gignantureffigict.·
985 3212 1205 3268 viduabit-H.

137 3291 648 3364 Aristdelongitudineacbrevittrtevi-
729 3297 753 3354 4.
771 3296 860 3343 Iterum
875 3296 983 3359 quidem.
1003 3286 1148 3363 Pleraque,
1167 3294 1205 3346 in-

137 3383 174 3433 tn,
182 3372 269 3443 capite
279 3371 416 3426 secundo:
428 3396 439 3418 ι
450 3372 564 3442 Oportet
577 3370 648 3423 euim
692 3370 763 3441 quit,
775 3389 848 3423 mare
854 3372 951 3443 gignit,
959 3370 994 3423 ad
1003 3370 1203 3426 similitudinem

137 3450 295 3522 intelligere,
307 3452 382 3524 qnod
396 3452 496 3503 animal
506 3463 544 3504 est
553 3462 648 3503 natura
693 3468 785 3502 eorum
795 3490 804 3515 ‚
815 3468 874 3521 qua
893 3450 921 3502 iu
936 3463 1007 3505 terra
1022 3452 1217 3525 reperiuntur,-

137 3526 273 3582 lmrnidum
285 3541 311 3583 et
319 3530 452 3596 calidum,
464 3541 490 3583 et
497 3531 586 3584 vivere
596 3528 648 3581 tale
691 3530 746 3582 sivo
765 3529 937 3590 animalium.
953 3530 1101 3597 tircetiam
1115 3550 1206 3585 rorum
1222 3549 1225 3559 ·

137 3608 270 3679 quippiam
289 3621 346 3675 est,
363 3622 532 3663 tousuratus
551 3607 647 3681 frigida
691 3620 854 3661 ceterarum.
877 3608 989 3663 Ludunt
1006 3625 1116 3682 operum
1133 3613 1205 3665 Ron-
1285 3634 1288 3639 ·

138 3686 270 3741 etsiccnn
284 3689 318 3741 Et
333 3690 402 3742 libro
418 3688 452 3741 de
469 3690 647 3743 Generatioue
691 3686 821 3750 deletion,
848 3700 875 3741 ct
901 3688 1107 3754 Aldrovnudut,
1140 3690 1206 3743 duur

138 3765 295 3821 Animalium
309 3768 408 3839 primo,
423 3786 479 3839 cap.
495 3787 526 3837 ¹7
542 3786 548 3817 ε
563 3768 646 3820 «Nu·
690 3762 1018 3840 sollioitiustiupe'stignnt,
1037 3788 1069 3822 ea
1090 3769 1203 3839 piscium

139 3844 288 3899 trimeutum
307 3848 379 3899 enirn
397 3852 532 3911 omnium,
553 3846 645 3911 bumi-
690 3847 1139 3917 quorumnautsiirtjnomiumurr,
1152 3849 1206 3920 gls-

140 3920 196 3977 dtun
208 3927 304 3997 magis.
318 3950 329 3973 ι
346 3926 426 3979 Pur.
446 3948 489 3968 -’
500 3924 573 3997 Ergo
585 3924 646 3997 pei·-
690 3924 765 3991 diua,
776 3944 864 3989 sema,
878 3922 1085 3999 cucumittquo
1094 3947 1117 3985 ι,
1129 3940 1206 3986 cote·

139 4022 221 4073 peram
232 4007 301 4059 olim
313 4006 395 4059 iued.
410 4007 630 4060 warmunti.
691 4007 728 4058 ris
747 4006 922 4078 scriptoribus
938 4025 973 4059 ne
993 4020 1056 4061 tunt
1075 4008 1206 4083 appellat!

171 4086 194 4137 3.
209 4090 304 4139 Causas
320 4088 452 4156 genitales.
466 4084 587 4149 Plinius,
602 4084 647 4138 lib.
693 4085 915 4157 quidemflnn.
1103 4121 1108 4125 -

185 4200 248 4264 IV.
1042 4165 1069 4262 *r
