<?xml version="1.0" encoding="UTF-8"?>
<!DOCTYPE html PUBLIC "-//W3C//DTD XHTML 1.0 Transitional//EN"
    "http://www.w3.org/TR/xhtml1/DTD/xhtml1-transitional.dtd">
<html xmlns="http://www.w3.org/1999/xhtml" xml:lang="en" lang="en">
 <head>
  <title>
</title>
<meta http-equiv="Content-Type" content="text/html;charset=utf-8" />
  <meta name='ocr-system' content='tesseract 3.04.00' />
  <meta name='ocr-capabilities' content='ocr_page ocr_carea ocr_par ocr_line ocrx_word'/>
</head>
<body>
  <div class='ocr_page' id='page_1' title='image "./caiipliniisecun03unkngoog_0147.png"; bbox 0 0 3200 5159; ppageno 0'>
   <div class='ocr_carea' id='block_1_1' title="bbox 599 507 1263 606">
    <p class='ocr_par' dir='ltr' id='par_1_1' title="bbox 599 507 1263 606">
     <span class='ocr_line' id='line_1_1' title="bbox 599 507 1263 606; baseline 0 -25"><span class='ocrx_word' id='word_1_1' title='bbox 599 513 760 583; x_wconf 88' lang='lat' dir='ltr'><strong>LIBER</strong></span> <span class='ocrx_word' id='word_1_2' title='bbox 786 512 854 582; x_wconf 90' lang='lat' dir='ltr'>IX.</span> <span class='ocrx_word' id='word_1_3' title='bbox 1193 507 1263 606; x_wconf 79' lang='lat'>137</span> 
     </span>
    </p>
   </div>
   <div class='ocr_carea' id='block_1_2' title="bbox 192 640 1302 1605">
    <p class='ocr_par' dir='ltr' id='par_1_2' title="bbox 192 640 1302 1605">
     <span class='ocr_line' id='line_1_2' title="bbox 192 640 1268 740; baseline -0.007 -21"><span class='ocrx_word' id='word_1_4' title='bbox 192 645 368 719; x_wconf 72' lang='lat' dir='ltr'>semunciae</span> <span class='ocrx_word' id='word_1_5' title='bbox 384 645 484 740; x_wconf 89' lang='lat' dir='ltr'>pauci</span> <span class='ocrx_word' id='word_1_6' title='bbox 503 643 639 739; x_wconf 87' lang='lat' dir='ltr'>singulis</span> <span class='ocrx_word' id='word_1_7' title='bbox 653 642 818 740; x_wconf 83' lang='lat' dir='ltr'><strong>scrupulis</strong></span> <span class='ocrx_word' id='word_1_8' title='bbox 831 668 1010 715; x_wconf 78' lang='lat' dir='ltr'>excessere.</span> <span class='ocrx_word' id='word_1_9' title='bbox 1023 640 1085 711; x_wconf 75' lang='lat' dir='ltr'>In²</span> <span class='ocrx_word' id='word_1_10' title='bbox 1096 644 1268 713; x_wconf 82' lang='lat' dir='ltr'>Britannia</span> 
     </span>
     <span class='ocr_line' id='line_1_3' title="bbox 194 750 1268 849; baseline -0.004 -26"><span class='ocrx_word' id='word_1_11' title='bbox 194 778 315 849; x_wconf 87' lang='lat' dir='ltr'>parvos</span> <span class='ocrx_word' id='word_1_12' title='bbox 328 766 427 846; x_wconf 90' lang='lat' dir='ltr'>atque</span> <span class='ocrx_word' id='word_1_13' title='bbox 449 750 620 821; x_wconf 84' lang='lat' dir='ltr'>decolores</span> <span class='ocrx_word' id='word_1_14' title='bbox 635 754 726 822; x_wconf 89' lang='lat' dir='ltr'>nasci</span> <span class='ocrx_word' id='word_1_15' title='bbox 745 766 874 821; x_wconf 87' lang='lat' dir='ltr'>certum</span> <span class='ocrx_word' id='word_1_16' title='bbox 893 764 966 836; x_wconf 90' lang='lat' dir='ltr'>est;</span> <span class='ocrx_word' id='word_1_17' title='bbox 984 750 1139 845; x_wconf 87' lang='lat' dir='ltr'>qnoniam</span> <span class='ocrx_word' id='word_1_18' title='bbox 1159 751 1268 820; x_wconf 87' lang='lat' dir='ltr'>Divus</span> 
     </span>
     <span class='ocr_line' id='line_1_4' title="bbox 193 844 1268 953; baseline -0.005 -23"><span class='ocrx_word' id='word_1_19' title='bbox 193 844 318 930; x_wconf 82' lang='lat' dir='ltr'>Julius³</span> <span class='ocrx_word' id='word_1_20' title='bbox 334 858 525 943; x_wconf 85' lang='lat' dir='ltr'>thoracem,</span> <span class='ocrx_word' id='word_1_21' title='bbox 548 883 646 953; x_wconf 88' lang='lat' dir='ltr'>quem</span> <span class='ocrx_word' id='word_1_22' title='bbox 665 860 790 928; x_wconf 87' lang='lat' dir='ltr'>Veneri</span> <span class='ocrx_word' id='word_1_23' title='bbox 815 858 977 928; x_wconf 86' lang='lat' dir='ltr'>Genitrici</span> <span class='ocrx_word' id='word_1_24' title='bbox 995 859 1029 926; x_wconf 93' lang='lat' dir='ltr'>in</span> <span class='ocrx_word' id='word_1_25' title='bbox 1050 855 1176 951; x_wconf 90' lang='lat' dir='ltr'>templo</span> <span class='ocrx_word' id='word_1_26' title='bbox 1196 857 1268 950; x_wconf 84' lang='lat' dir='ltr'>ejus</span> 
     </span>
     <span class='ocr_line' id='line_1_5' title="bbox 193 950 1267 1060; baseline -0.005 -24"><span class='ocrx_word' id='word_1_27' title='bbox 193 967 333 1048; x_wconf 91' lang='lat' dir='ltr'>dicavit,</span> <span class='ocrx_word' id='word_1_28' title='bbox 343 989 384 1034; x_wconf 83' lang='lat' dir='ltr'>ex</span> <span class='ocrx_word' id='word_1_29' title='bbox 392 965 589 1036; x_wconf 76' lang='lat' dir='ltr'>britannicis</span> <span class='ocrx_word' id='word_1_30' title='bbox 607 965 793 1060; x_wconf 82' lang='lat' dir='ltr'>margaritis</span> <span class='ocrx_word' id='word_1_31' title='bbox 803 964 930 1035; x_wconf 84' lang='lat' dir='ltr'>factum</span> <span class='ocrx_word' id='word_1_32' title='bbox 942 950 1104 1033; x_wconf 74' lang='lat' dir='ltr'>voluerit⁴</span> <span class='ocrx_word' id='word_1_33' title='bbox 1119 961 1267 1057; x_wconf 87' lang='lat' dir='ltr'>intelligi.</span> 
     </span>
     <span class='ocr_line' id='line_1_6' title="bbox 245 1068 1302 1165; baseline -0.003 -22"><span class='ocrx_word' id='word_1_34' title='bbox 245 1074 371 1143; x_wconf 84' lang='lat' dir='ltr'>LVIII.</span> <span class='ocrx_word' id='word_1_35' title='bbox 398 1070 558 1142; x_wconf 90' lang='lat' dir='ltr'>Lolliam¹</span> <span class='ocrx_word' id='word_1_36' title='bbox 578 1070 768 1160; x_wconf 84' lang='lat' dir='ltr'>Paulinam,</span> <span class='ocrx_word' id='word_1_37' title='bbox 788 1096 863 1165; x_wconf 84' lang='lat' dir='ltr'>quae</span> <span class='ocrx_word' id='word_1_38' title='bbox 888 1070 952 1141; x_wconf 85' lang='lat' dir='ltr'>tuit</span> <span class='ocrx_word' id='word_1_39' title='bbox 977 1068 1074 1141; x_wconf 87' lang='lat' dir='ltr'>Caii²</span> <span class='ocrx_word' id='word_1_40' title='bbox 1097 1069 1268 1165; x_wconf 90' lang='lat' dir='ltr'>principiis</span> <span class='ocrx_word' id='word_1_41' title='bbox 1289 1104 1302 1140; x_wconf 84' lang='lat' dir='ltr'>t</span> 
     </span>
     <span class='ocr_line' id='line_1_7' title="bbox 193 1175 1269 1273; baseline -0.004 -24"><span class='ocrx_word' id='word_1_42' title='bbox 193 1194 363 1266; x_wconf 89' lang='lat' dir='ltr'>matrona,</span> <span class='ocrx_word' id='word_1_43' title='bbox 380 1203 423 1248; x_wconf 89' lang='lat' dir='ltr'>ne</span> <span class='ocrx_word' id='word_1_44' title='bbox 436 1179 522 1248; x_wconf 87' lang='lat' dir='ltr'>serio</span> <span class='ocrx_word' id='word_1_45' title='bbox 535 1178 685 1273; x_wconf 88' lang='lat' dir='ltr'>quidem,</span> <span class='ocrx_word' id='word_1_46' title='bbox 701 1192 759 1248; x_wconf 88' lang='lat' dir='ltr'>aut</span> <span class='ocrx_word' id='word_1_47' title='bbox 773 1176 912 1247; x_wconf 84' lang='lat' dir='ltr'>solemni</span> <span class='ocrx_word' id='word_1_48' title='bbox 927 1178 1191 1248; x_wconf 79' lang='lat' dir='ltr'>caerimoniarum</span> <span class='ocrx_word' id='word_1_49' title='bbox 1209 1175 1269 1245; x_wconf 91' lang='lat' dir='ltr'>ali·</span> 
     </span>
     <span class='ocr_line' id='line_1_8' title="bbox 193 1282 1268 1380; baseline -0.004 -25"><span class='ocrx_word' id='word_1_50' title='bbox 193 1311 261 1380; x_wconf 87' lang='lat' dir='ltr'>quo</span> <span class='ocrx_word' id='word_1_51' title='bbox 280 1300 459 1380; x_wconf 86' lang='lat' dir='ltr'>apparatu,</span> <span class='ocrx_word' id='word_1_52' title='bbox 487 1284 546 1355; x_wconf 89' lang='lat' dir='ltr'>sed</span> <span class='ocrx_word' id='word_1_53' title='bbox 569 1284 787 1370; x_wconf 82' lang='lat' dir='ltr'>mediocrium</span> <span class='ocrx_word' id='word_1_54' title='bbox 810 1286 909 1353; x_wconf 88' lang='lat' dir='ltr'>etiam</span> <span class='ocrx_word' id='word_1_55' title='bbox 932 1282 1134 1380; x_wconf 89' lang='lat' dir='ltr'>sponsalium</span> <span class='ocrx_word' id='word_1_56' title='bbox 1156 1306 1268 1369; x_wconf 87' lang='lat' dir='ltr'>coena,</span> 
     </span>
     <span class='ocr_line' id='line_1_9' title="bbox 192 1386 1268 1487; baseline -0.003 -26"><span class='ocrx_word' id='word_1_57' title='bbox 192 1386 261 1461; x_wconf 84' lang='lat' dir='ltr'>vidi</span> <span class='ocrx_word' id='word_1_58' title='bbox 279 1392 462 1487; x_wconf 83' lang='lat' dir='ltr'>smaragdis</span> <span class='ocrx_word' id='word_1_59' title='bbox 482 1393 735 1487; x_wconf 81' lang='lat' dir='ltr'>margaritisque</span> <span class='ocrx_word' id='word_1_60' title='bbox 755 1405 923 1487; x_wconf 79' lang='lat' dir='ltr'>opertam,</span> <span class='ocrx_word' id='word_1_61' title='bbox 944 1388 1073 1461; x_wconf 87' lang='lat' dir='ltr'>alterno</span> <span class='ocrx_word' id='word_1_62' title='bbox 1094 1404 1187 1460; x_wconf 85' lang='lat' dir='ltr'>textu</span> <span class='ocrx_word' id='word_1_63' title='bbox 1204 1388 1268 1459; x_wconf 86' lang='lat' dir='ltr'>fut-</span> 
     </span>
     <span class='ocr_line' id='line_1_10' title="bbox 194 1484 1268 1605; baseline -0.002 -37"><span class='ocrx_word' id='word_1_64' title='bbox 194 1484 380 1605; x_wconf 79' lang='lat' dir='ltr'>gentibus³,</span> <span class='ocrx_word' id='word_1_65' title='bbox 402 1513 475 1569; x_wconf 88' lang='lat' dir='ltr'>toto</span> <span class='ocrx_word' id='word_1_66' title='bbox 504 1502 632 1595; x_wconf 86' lang='lat' dir='ltr'>capite,</span> <span class='ocrx_word' id='word_1_67' title='bbox 650 1498 813 1587; x_wconf 88' lang='lat' dir='ltr'>crinibus,</span> <span class='ocrx_word' id='word_1_68' title='bbox 840 1484 957 1594; x_wconf 73' lang='lat' dir='ltr'>spira⁴‚</span> <span class='ocrx_word' id='word_1_69' title='bbox 984 1498 1139 1585; x_wconf 90' lang='lat' dir='ltr'>auribus,</span> <span class='ocrx_word' id='word_1_70' title='bbox 1164 1495 1268 1585; x_wconf 92' lang='lat' dir='ltr'>collo,</span> 
     </span>
    </p>
   </div>
   <div class='ocr_carea' id='block_1_3' title="bbox 194 1671 1276 4225">
    <p class='ocr_par' dir='ltr' id='par_1_3' title="bbox 194 1671 1271 1903">
     <span class='ocr_line' id='line_1_11' title="bbox 194 1671 1271 1744; baseline 0 -19"><span class='ocrx_word' id='word_1_71' title='bbox 194 1672 318 1736; x_wconf 73' lang='lat' dir='ltr'>munda,</span> <span class='ocrx_word' id='word_1_72' title='bbox 336 1690 443 1725; x_wconf 80' lang='lat' dir='ltr'>novam.</span> <span class='ocrx_word' id='word_1_73' title='bbox 462 1672 606 1743; x_wconf 71' lang='lat' dir='ltr'>Margarita</span> <span class='ocrx_word' id='word_1_74' title='bbox 626 1671 710 1744; x_wconf 82' lang='lat' dir='ltr'>igitur</span> <span class='ocrx_word' id='word_1_75' title='bbox 795 1679 820 1737; x_wconf 73' lang='grc'>4.</span> <span class='ocrx_word' id='word_1_76' title='bbox 837 1671 948 1725; x_wconf 83' lang='lat' dir='ltr'>Voluerit</span> <span class='ocrx_word' id='word_1_77' title='bbox 957 1674 1069 1742; x_wconf 73' lang='lat' dir='ltr'>intelligi.</span> <span class='ocrx_word' id='word_1_78' title='bbox 1079 1672 1271 1743; x_wconf 54' lang='lat' dir='ltr'>Subjeennn-</span> 
     </span>
     <span class='ocr_line' id='line_1_12' title="bbox 194 1751 1268 1825; baseline 0 -20"><span class='ocrx_word' id='word_1_79' title='bbox 194 1771 254 1825; x_wconf 77' lang='lat' dir='ltr'>quae</span> <span class='ocrx_word' id='word_1_80' title='bbox 263 1753 406 1807; x_wconf 65' lang='lat' dir='ltr'>amancirc</span> <span class='ocrx_word' id='word_1_81' title='bbox 414 1751 522 1823; x_wconf 85' lang='lat' dir='ltr'>pondus</span> <span class='ocrx_word' id='word_1_82' title='bbox 530 1772 585 1807; x_wconf 87' lang='lat' dir='ltr'>uno</span> <span class='ocrx_word' id='word_1_83' title='bbox 592 1752 710 1824; x_wconf 88' lang='lat' dir='ltr'>scripulo</span> <span class='ocrx_word' id='word_1_84' title='bbox 753 1753 812 1825; x_wconf 88' lang='lat' dir='ltr'>quit</span> <span class='ocrx_word' id='word_1_85' title='bbox 826 1752 948 1817; x_wconf 79' lang='lat' dir='ltr'>Solinus,</span> <span class='ocrx_word' id='word_1_86' title='bbox 957 1752 1147 1823; x_wconf 86' lang='lat' dir='ltr'>inscriptione,</span> <span class='ocrx_word' id='word_1_87' title='bbox 1165 1771 1224 1824; x_wconf 80' lang='lat' dir='ltr'>qun</span> <span class='ocrx_word' id='word_1_88' title='bbox 1238 1751 1268 1805; x_wconf 91' lang='lat' dir='ltr'>id</span> 
     </span>
     <span class='ocr_line' id='line_1_13' title="bbox 195 1830 1011 1903; baseline 0 -18"><span class='ocrx_word' id='word_1_89' title='bbox 195 1846 347 1903; x_wconf 84' lang='lat' dir='ltr'>superaret,</span> <span class='ocrx_word' id='word_1_90' title='bbox 362 1830 456 1885; x_wconf 82' lang='lat' dir='ltr'>decem</span> <span class='ocrx_word' id='word_1_91' title='bbox 477 1834 655 1903; x_wconf 86' lang='lat' dir='ltr'>scripulorum</span> <span class='ocrx_word' id='word_1_92' title='bbox 669 1851 710 1887; x_wconf 91' lang='lat' dir='ltr'>cs·</span> <span class='ocrx_word' id='word_1_93' title='bbox 754 1844 902 1887; x_wconf 84' lang='lat' dir='ltr'>testaretur.</span> <span class='ocrx_word' id='word_1_94' title='bbox 920 1833 1011 1887; x_wconf 81' lang='lat' dir='ltr'>Hann.</span> 
     </span>
    </p>

    <p class='ocr_par' dir='ltr' id='par_1_4' title="bbox 195 1910 1270 2465">
     <span class='ocr_line' id='line_1_14' title="bbox 195 1910 1270 1984; baseline -0.002 -18"><span class='ocrx_word' id='word_1_95' title='bbox 195 1925 244 1966; x_wconf 88' lang='lat' dir='ltr'>set.</span> <span class='ocrx_word' id='word_1_96' title='bbox 261 1911 360 1965; x_wconf 81' lang='lat' dir='ltr'>Paucas</span> <span class='ocrx_word' id='word_1_97' title='bbox 381 1910 415 1964; x_wconf 91' lang='lat' dir='ltr'>ad</span> <span class='ocrx_word' id='word_1_98' title='bbox 429 1913 511 1966; x_wconf 76' lang='lat' dir='ltr'>sentis</span> <span class='ocrx_word' id='word_1_99' title='bbox 533 1930 587 1966; x_wconf 76' lang='lat' dir='ltr'>sua</span> <span class='ocrx_word' id='word_1_100' title='bbox 606 1925 711 1983; x_wconf 88' lang='lat' dir='ltr'>tempus</span> <span class='ocrx_word' id='word_1_101' title='bbox 793 1914 895 1966; x_wconf 86' lang='lat' dir='ltr'>LVIII.</span> <span class='ocrx_word' id='word_1_102' title='bbox 910 1931 934 1966; x_wconf 91' lang='lat' dir='ltr'>r.</span> <span class='ocrx_word' id='word_1_103' title='bbox 948 1912 1060 1966; x_wconf 77' lang='lat' dir='ltr'>larlliam.</span> <span class='ocrx_word' id='word_1_104' title='bbox 1072 1914 1113 1966; x_wconf 89' lang='lat' dir='ltr'>De</span> <span class='ocrx_word' id='word_1_105' title='bbox 1127 1930 1180 1984; x_wconf 84' lang='lat' dir='ltr'>qua</span> <span class='ocrx_word' id='word_1_106' title='bbox 1192 1912 1270 1966; x_wconf 85' lang='lat' dir='ltr'>Tuci·</span> 
     </span>
     <span class='ocr_line' id='line_1_15' title="bbox 195 1990 1270 2065; baseline 0 -20"><span class='ocrx_word' id='word_1_107' title='bbox 195 1993 317 2046; x_wconf 81' lang='lat' dir='ltr'>inventas</span> <span class='ocrx_word' id='word_1_108' title='bbox 327 1990 430 2044; x_wconf 86' lang='lat' dir='ltr'>Plinius</span> <span class='ocrx_word' id='word_1_109' title='bbox 441 1992 568 2057; x_wconf 84' lang='lat' dir='ltr'>affirmat,</span> <span class='ocrx_word' id='word_1_110' title='bbox 577 2010 636 2065; x_wconf 80' lang='lat' dir='ltr'>quar</span> <span class='ocrx_word' id='word_1_111' title='bbox 643 2010 711 2064; x_wconf 87' lang='lat' dir='ltr'>pen·</span> <span class='ocrx_word' id='word_1_112' title='bbox 754 2004 812 2057; x_wconf 83' lang='lat' dir='ltr'>tus,</span> <span class='ocrx_word' id='word_1_113' title='bbox 825 1992 921 2045; x_wconf 79' lang='lat' dir='ltr'>Annal.</span> <span class='ocrx_word' id='word_1_114' title='bbox 932 1992 981 2045; x_wconf 88' lang='lat' dir='ltr'>lib.</span> <span class='ocrx_word' id='word_1_115' title='bbox 992 1993 1058 2053; x_wconf 80' lang='grc' dir='ltr'>ΧΠ,</span> <span class='ocrx_word' id='word_1_116' title='bbox 1075 2011 1133 2065; x_wconf 89' lang='lat' dir='ltr'>cap.</span> <span class='ocrx_word' id='word_1_117' title='bbox 1146 2011 1157 2046; x_wconf 90' lang='lat'>1</span> <span class='ocrx_word' id='word_1_118' title='bbox 1173 2004 1200 2045; x_wconf 89' lang='lat' dir='ltr'>et</span> <span class='ocrx_word' id='word_1_119' title='bbox 1215 2012 1249 2045; x_wconf 85' lang='lat' dir='ltr'>aa</span> <span class='ocrx_word' id='word_1_120' title='bbox 1262 2014 1270 2056; x_wconf 84' lang='lat'><strong>;</strong></span> 
     </span>
     <span class='ocr_line' id='line_1_16' title="bbox 196 2069 1270 2145; baseline -0.001 -19"><span class='ocrx_word' id='word_1_121' title='bbox 196 2071 292 2126; x_wconf 77' lang='lat' dir='ltr'>desem</span> <span class='ocrx_word' id='word_1_122' title='bbox 305 2069 399 2125; x_wconf 85' lang='lat' dir='ltr'>decem</span> <span class='ocrx_word' id='word_1_123' title='bbox 411 2072 538 2145; x_wconf 87' lang='lat' dir='ltr'>scripula.</span> <span class='ocrx_word' id='word_1_124' title='bbox 550 2072 636 2127; x_wconf 69' lang='lat' dir='ltr'>stru.</span> <span class='ocrx_word' id='word_1_125' title='bbox 650 2089 710 2143; x_wconf 80' lang='lat' dir='ltr'>pag.</span> <span class='ocrx_word' id='word_1_126' title='bbox 754 2074 803 2143; x_wconf 85' lang='lat' dir='ltr'>qni</span> <span class='ocrx_word' id='word_1_127' title='bbox 824 2072 893 2127; x_wconf 88' lang='lat' dir='ltr'>banc</span> <span class='ocrx_word' id='word_1_128' title='bbox 922 2072 986 2125; x_wconf 81' lang='lat' dir='ltr'>«M.</span> <span class='ocrx_word' id='word_1_129' title='bbox 1014 2073 1095 2125; x_wconf 88' lang='lat' dir='ltr'>Lollii</span> <span class='ocrx_word' id='word_1_130' title='bbox 1125 2072 1270 2135; x_wconf 82' lang='lat' dir='ltr'>consularis</span> 
     </span>
     <span class='ocr_line' id='line_1_17' title="bbox 200 2150 1270 2223; baseline 0 -18"><span class='ocrx_word' id='word_1_131' title='bbox 200 2164 475 2223; x_wconf 69' lang='lat' dir='ltr'>1170e11172.-</span> <span class='ocrx_word' id='word_1_132' title='bbox 489 2153 590 2207; x_wconf 86' lang='lat' dir='ltr'>Pondus</span> <span class='ocrx_word' id='word_1_133' title='bbox 611 2152 647 2203; x_wconf 79' lang='lat' dir='ltr'>ad</span> <span class='ocrx_word' id='word_1_134' title='bbox 666 2154 712 2203; x_wconf 75' lang='lat' dir='ltr'>tae</span> <span class='ocrx_word' id='word_1_135' title='bbox 753 2153 837 2206; x_wconf 85' lang='lat' dir='ltr'>liliam</span> <span class='ocrx_word' id='word_1_136' title='bbox 851 2152 980 2206; x_wconf 87' lang='lat' dir='ltr'>nominat.</span> <span class='ocrx_word' id='word_1_137' title='bbox 996 2150 1049 2205; x_wconf 88' lang='lat' dir='ltr'>Sed</span> <span class='ocrx_word' id='word_1_138' title='bbox 1060 2155 1152 2205; x_wconf 82' lang='lat' dir='ltr'>vocab.</span> <span class='ocrx_word' id='word_1_139' title='bbox 1160 2152 1270 2223; x_wconf 83' lang='lat' dir='ltr'>filiama</span> 
     </span>
     <span class='ocr_line' id='line_1_18' title="bbox 197 2230 1268 2305; baseline 0.006 -22"><span class='ocrx_word' id='word_1_140' title='bbox 197 2236 254 2294; x_wconf 78' lang='lat' dir='ltr'>teni,</span> <span class='ocrx_word' id='word_1_141' title='bbox 271 2243 324 2285; x_wconf 85' lang='lat' dir='ltr'>etc.</span> <span class='ocrx_word' id='word_1_142' title='bbox 340 2233 374 2284; x_wconf 86' lang='lat' dir='ltr'>In</span> <span class='ocrx_word' id='word_1_143' title='bbox 389 2231 467 2285; x_wconf 87' lang='lat' dir='ltr'>India</span> <span class='ocrx_word' id='word_1_144' title='bbox 487 2252 560 2288; x_wconf 85' lang='lat' dir='ltr'>nunc</span> <span class='ocrx_word' id='word_1_145' title='bbox 579 2231 712 2305; x_wconf 91' lang='lat' dir='ltr'>pondero-</span> <span class='ocrx_word' id='word_1_146' title='bbox 754 2231 894 2287; x_wconf 87' lang='lat' dir='ltr'>codicibus</span> <span class='ocrx_word' id='word_1_147' title='bbox 907 2232 995 2287; x_wconf 84' lang='lat' dir='ltr'>abesse</span> <span class='ocrx_word' id='word_1_148' title='bbox 1008 2232 1087 2287; x_wconf 88' lang='lat' dir='ltr'>multi</span> <span class='ocrx_word' id='word_1_149' title='bbox 1096 2230 1268 2289; x_wconf 75' lang='lat' dir='ltr'>contendunt,</span> 
     </span>
     <span class='ocr_line' id='line_1_19' title="bbox 198 2310 1270 2385; baseline 0.001 -20"><span class='ocrx_word' id='word_1_150' title='bbox 198 2312 305 2365; x_wconf 72' lang='lat' dir='ltr'>sissima</span> <span class='ocrx_word' id='word_1_151' title='bbox 320 2310 444 2383; x_wconf 84' lang='lat' dir='ltr'>pendunt</span> <span class='ocrx_word' id='word_1_152' title='bbox 457 2324 565 2365; x_wconf 85' lang='lat' dir='ltr'>centurn</span> <span class='ocrx_word' id='word_1_153' title='bbox 579 2311 712 2383; x_wconf 83' lang='lat' dir='ltr'>sexaginta</span> <span class='ocrx_word' id='word_1_154' title='bbox 754 2314 827 2367; x_wconf 88' lang='lat' dir='ltr'>inter</span> <span class='ocrx_word' id='word_1_155' title='bbox 848 2332 914 2385; x_wconf 84' lang='lat' dir='ltr'>quoa</span> <span class='ocrx_word' id='word_1_156' title='bbox 936 2313 1082 2367; x_wconf 84' lang='lat' dir='ltr'>Ernestius.</span> <span class='ocrx_word' id='word_1_157' title='bbox 1104 2312 1175 2365; x_wconf 89' lang='lat' dir='ltr'>Vide</span> <span class='ocrx_word' id='word_1_158' title='bbox 1200 2324 1270 2366; x_wconf 88' lang='lat' dir='ltr'>nost.</span> 
     </span>
     <span class='ocr_line' id='line_1_20' title="bbox 197 2390 1150 2465; baseline 0.001 -21"><span class='ocrx_word' id='word_1_159' title='bbox 197 2410 279 2462; x_wconf 61' lang='lat' dir='ltr'>pana</span> <span class='ocrx_word' id='word_1_160' title='bbox 291 2390 396 2446; x_wconf 86' lang='lat' dir='ltr'>hordei.</span> <span class='ocrx_word' id='word_1_161' title='bbox 410 2394 512 2446; x_wconf 80' lang='lat' dir='ltr'>Danae.</span> <span class='ocrx_word' id='word_1_162' title='bbox 757 2392 822 2448; x_wconf 80' lang='lat' dir='ltr'>edic</span> <span class='ocrx_word' id='word_1_163' title='bbox 836 2393 890 2446; x_wconf 83' lang='lat' dir='ltr'>vol.</span> <span class='ocrx_word' id='word_1_164' title='bbox 905 2393 946 2457; x_wconf 89' lang='grc' dir='ltr'>Π,</span> <span class='ocrx_word' id='word_1_165' title='bbox 961 2410 1021 2465; x_wconf 82' lang='lat' dir='ltr'>pag.</span> <span class='ocrx_word' id='word_1_166' title='bbox 1036 2395 1083 2462; x_wconf 84' lang='lat'>89.</span> <span class='ocrx_word' id='word_1_167' title='bbox 1098 2393 1150 2446; x_wconf 87' lang='lat' dir='ltr'>En.</span> 
     </span>
    </p>

    <p class='ocr_par' dir='ltr' id='par_1_5' title="bbox 198 2471 1271 2945">
     <span class='ocr_line' id='line_1_21' title="bbox 241 2471 1270 2543; baseline -0.003 -15"><span class='ocrx_word' id='word_1_168' title='bbox 241 2492 267 2528; x_wconf 86' lang='lat' dir='ltr'>a.</span> <span class='ocrx_word' id='word_1_169' title='bbox 277 2474 310 2524; x_wconf 85' lang='lat' dir='ltr'>ln</span> <span class='ocrx_word' id='word_1_170' title='bbox 317 2471 457 2525; x_wconf 82' lang='lat' dir='ltr'>Britannia.</span> <span class='ocrx_word' id='word_1_171' title='bbox 468 2471 589 2534; x_wconf 87' lang='lat' dir='ltr'>Solinus,</span> <span class='ocrx_word' id='word_1_172' title='bbox 601 2473 654 2526; x_wconf 90' lang='lat' dir='ltr'>loc.</span> <span class='ocrx_word' id='word_1_173' title='bbox 665 2471 711 2526; x_wconf 86' lang='lat' dir='ltr'>cit.</span> <span class='ocrx_word' id='word_1_174' title='bbox 797 2492 824 2527; x_wconf 80' lang='lat'>2.</span> <span class='ocrx_word' id='word_1_175' title='bbox 847 2472 905 2528; x_wconf 86' lang='lat' dir='ltr'>Caii·</span> <span class='ocrx_word' id='word_1_176' title='bbox 919 2474 1044 2543; x_wconf 73' lang='lat' dir='ltr'>princepis.</span> <span class='ocrx_word' id='word_1_177' title='bbox 1066 2472 1217 2526; x_wconf 87' lang='lat' dir='ltr'>Germanici</span> <span class='ocrx_word' id='word_1_178' title='bbox 1239 2472 1270 2525; x_wconf 80' lang='lat' dir='ltr'>B.</span> 
     </span>
     <span class='ocr_line' id='line_1_22' title="bbox 198 2551 1271 2625; baseline 0 -21"><span class='ocrx_word' id='word_1_179' title='bbox 198 2551 319 2604; x_wconf 75' lang='lat' dir='ltr'>AElianrm</span> <span class='ocrx_word' id='word_1_180' title='bbox 326 2551 407 2616; x_wconf 88' lang='lat' dir='ltr'>item,</span> <span class='ocrx_word' id='word_1_181' title='bbox 423 2551 524 2606; x_wconf 81' lang='lat' dir='ltr'>Hister.</span> <span class='ocrx_word' id='word_1_182' title='bbox 535 2553 626 2606; x_wconf 81' lang='lat' dir='ltr'>Anim.</span> <span class='ocrx_word' id='word_1_183' title='bbox 635 2552 712 2605; x_wconf 83' lang='lat' dir='ltr'>libro</span> <span class='ocrx_word' id='word_1_184' title='bbox 755 2553 878 2607; x_wconf 88' lang='lat' dir='ltr'>scilicet:</span> <span class='ocrx_word' id='word_1_185' title='bbox 899 2552 946 2625; x_wconf 92' lang='lat' dir='ltr'>qui</span> <span class='ocrx_word' id='word_1_186' title='bbox 963 2551 1121 2623; x_wconf 83' lang='lat' dir='ltr'>perductam</span> <span class='ocrx_word' id='word_1_187' title='bbox 1141 2571 1156 2605; x_wconf 87' lang='lat' dir='ltr'>a</span> <span class='ocrx_word' id='word_1_188' title='bbox 1176 2552 1271 2605; x_wconf 88' lang='lat' dir='ltr'>marito</span> 
     </span>
     <span class='ocr_line' id='line_1_23' title="bbox 198 2631 1271 2705; baseline 0.003 -21"><span class='ocrx_word' id='word_1_189' title='bbox 198 2631 262 2697; x_wconf 80' lang='lat' dir='ltr'>XV,</span> <span class='ocrx_word' id='word_1_190' title='bbox 276 2649 336 2702; x_wconf 87' lang='lat' dir='ltr'>cap.</span> <span class='ocrx_word' id='word_1_191' title='bbox 355 2634 387 2693; x_wconf 76' lang='lat'>83</span> <span class='ocrx_word' id='word_1_192' title='bbox 399 2631 587 2695; x_wconf 77' lang='lat' dir='ltr'>Marhodeus,</span> <span class='ocrx_word' id='word_1_193' title='bbox 602 2633 712 2687; x_wconf 80' lang='lat' dir='ltr'>loc-cit.</span> <span class='ocrx_word' id='word_1_194' title='bbox 755 2634 895 2705; x_wconf 79' lang='lat' dir='ltr'>conjunxit</span> <span class='ocrx_word' id='word_1_195' title='bbox 919 2632 987 2697; x_wconf 80' lang='lat' dir='ltr'>sihi,</span> <span class='ocrx_word' id='word_1_196' title='bbox 1012 2633 1142 2705; x_wconf 81' lang='lat' dir='ltr'>brevique</span> <span class='ocrx_word' id='word_1_197' title='bbox 1164 2632 1271 2687; x_wconf 84' lang='lat' dir='ltr'>missam</span> 
     </span>
     <span class='ocr_line' id='line_1_24' title="bbox 198 2710 1270 2785; baseline -0.001 -21"><span class='ocrx_word' id='word_1_198' title='bbox 198 2710 297 2765; x_wconf 86' lang='lat' dir='ltr'>borum</span> <span class='ocrx_word' id='word_1_199' title='bbox 317 2711 448 2765; x_wconf 84' lang='lat' dir='ltr'>unionum</span> <span class='ocrx_word' id='word_1_200' title='bbox 471 2711 578 2767; x_wconf 86' lang='lat' dir='ltr'>laudem</span> <span class='ocrx_word' id='word_1_201' title='bbox 598 2712 714 2784; x_wconf 78' lang='lat' dir='ltr'>amplifi·</span> <span class='ocrx_word' id='word_1_202' title='bbox 756 2713 832 2778; x_wconf 81' lang='lat' dir='ltr'>lecit,</span> <span class='ocrx_word' id='word_1_203' title='bbox 849 2714 938 2785; x_wconf 84' lang='lat' dir='ltr'>iuquit</span> <span class='ocrx_word' id='word_1_204' title='bbox 952 2712 1093 2767; x_wconf 87' lang='lat' dir='ltr'>Suetonius</span> <span class='ocrx_word' id='word_1_205' title='bbox 1112 2712 1142 2765; x_wconf 92' lang='lat' dir='ltr'>in</span> <span class='ocrx_word' id='word_1_206' title='bbox 1161 2714 1217 2783; x_wconf 84' lang='lat' dir='ltr'>ejus</span> <span class='ocrx_word' id='word_1_207' title='bbox 1229 2712 1270 2763; x_wconf 80' lang='lat' dir='ltr'>vi-</span> 
     </span>
     <span class='ocr_line' id='line_1_25' title="bbox 198 2792 1271 2865; baseline -0.001 -20"><span class='ocrx_word' id='word_1_208' title='bbox 198 2803 264 2845; x_wconf 86' lang='lat' dir='ltr'>cat:</span> <span class='ocrx_word' id='word_1_209' title='bbox 289 2816 300 2839; x_wconf 85' lang='grc' dir='ltr'>ι</span> <span class='ocrx_word' id='word_1_210' title='bbox 315 2792 409 2863; x_wconf 83' lang='lat' dir='ltr'>Gignit</span> <span class='ocrx_word' id='word_1_211' title='bbox 425 2805 452 2846; x_wconf 89' lang='lat' dir='ltr'>et</span> <span class='ocrx_word' id='word_1_212' title='bbox 471 2792 589 2863; x_wconf 81' lang='lat' dir='ltr'>insignes</span> <span class='ocrx_word' id='word_1_213' title='bbox 605 2793 714 2865; x_wconf 87' lang='lat' dir='ltr'>antiqua</span> <span class='ocrx_word' id='word_1_214' title='bbox 756 2806 798 2859; x_wconf 90' lang='lat' dir='ltr'>ta,</span> <span class='ocrx_word' id='word_1_215' title='bbox 809 2812 867 2864; x_wconf 88' lang='lat' dir='ltr'>cap.</span> <span class='ocrx_word' id='word_1_216' title='bbox 879 2811 945 2861; x_wconf 68' lang='lat' dir='ltr'>nm</span> <span class='ocrx_word' id='word_1_217' title='bbox 960 2792 1012 2845; x_wconf 90' lang='lat' dir='ltr'>Dio</span> <span class='ocrx_word' id='word_1_218' title='bbox 1021 2811 1129 2865; x_wconf 88' lang='lat' dir='ltr'>qnoque</span> <span class='ocrx_word' id='word_1_219' title='bbox 1136 2792 1183 2846; x_wconf 90' lang='lat' dir='ltr'>lib.</span> <span class='ocrx_word' id='word_1_220' title='bbox 1193 2792 1271 2859; x_wconf 84' lang='lat' dir='ltr'>th,</span> 
     </span>
     <span class='ocr_line' id='line_1_26' title="bbox 198 2871 1002 2945; baseline 0.002 -22"><span class='ocrx_word' id='word_1_221' title='bbox 198 2871 337 2925; x_wconf 83' lang='lat' dir='ltr'>Britannia</span> <span class='ocrx_word' id='word_1_222' title='bbox 360 2873 463 2928; x_wconf 63' lang='lat' dir='ltr'>mosas.</span> <span class='ocrx_word' id='word_1_223' title='bbox 480 2898 492 2921; x_wconf 78' lang='grc' dir='ltr'>ι</span> <span class='ocrx_word' id='word_1_224' title='bbox 516 2873 610 2926; x_wconf 79' lang='lat' dir='ltr'>liano.</span> <span class='ocrx_word' id='word_1_225' title='bbox 629 2904 670 2916; x_wconf 94' lang='lat'>-</span> <span class='ocrx_word' id='word_1_226' title='bbox 683 2875 715 2925; x_wconf 91' lang='lat' dir='ltr'>ln</span> <span class='ocrx_word' id='word_1_227' title='bbox 756 2892 819 2945; x_wconf 83' lang='lat' dir='ltr'>pag.</span> <span class='ocrx_word' id='word_1_228' title='bbox 835 2875 1002 2937; x_wconf 60' lang='lat' dir='ltr'>didlinsn.</span> 
     </span>
    </p>

    <p class='ocr_par' dir='ltr' id='par_1_6' title="bbox 199 2950 1274 3505">
     <span class='ocr_line' id='line_1_27' title="bbox 199 2950 1271 3023; baseline 0.002 -20"><span class='ocrx_word' id='word_1_229' title='bbox 199 2950 341 3005; x_wconf 81' lang='lat' dir='ltr'>Britannia.</span> <span class='ocrx_word' id='word_1_230' title='bbox 359 2952 491 3006; x_wconf 81' lang='lat' dir='ltr'>Amninm</span> <span class='ocrx_word' id='word_1_231' title='bbox 506 2964 534 3006; x_wconf 91' lang='lat' dir='ltr'>et</span> <span class='ocrx_word' id='word_1_232' title='bbox 551 2952 659 3007; x_wconf 80' lang='lat' dir='ltr'>bouum</span> <span class='ocrx_word' id='word_1_233' title='bbox 673 2971 714 3005; x_wconf 87' lang='lat' dir='ltr'>se·</span> <span class='ocrx_word' id='word_1_234' title='bbox 799 2952 826 3006; x_wconf 85' lang='lat'>3.</span> <span class='ocrx_word' id='word_1_235' title='bbox 839 2954 945 3006; x_wconf 83' lang='lat' dir='ltr'>Alterno</span> <span class='ocrx_word' id='word_1_236' title='bbox 961 2964 1027 3005; x_wconf 75' lang='lat' dir='ltr'>terta</span> <span class='ocrx_word' id='word_1_237' title='bbox 1035 2952 1204 3023; x_wconf 77' lang='lat' dir='ltr'>fulgentibus,</span> <span class='ocrx_word' id='word_1_238' title='bbox 1221 2965 1271 3005; x_wconf 83' lang='lat' dir='ltr'>ete.</span> 
     </span>
     <span class='ocr_line' id='line_1_28' title="bbox 200 3032 1272 3105; baseline 0.001 -22"><span class='ocrx_word' id='word_1_239' title='bbox 200 3032 429 3101; x_wconf 85' lang='lat' dir='ltr'>ptemtrionalinm</span> <span class='ocrx_word' id='word_1_240' title='bbox 472 3033 594 3105; x_wconf 85' lang='lat' dir='ltr'>plerique</span> <span class='ocrx_word' id='word_1_241' title='bbox 613 3033 715 3088; x_wconf 86' lang='lat' dir='ltr'>habent</span> <span class='ocrx_word' id='word_1_242' title='bbox 758 3034 830 3104; x_wconf 72' lang='lat' dir='ltr'>Iege</span> <span class='ocrx_word' id='word_1_243' title='bbox 844 3052 851 3085; x_wconf 93' lang='lat'>:</span> <span class='ocrx_word' id='word_1_244' title='bbox 865 3033 953 3087; x_wconf 80' lang='lat' dir='ltr'>Altero</span> <span class='ocrx_word' id='word_1_245' title='bbox 965 3044 1031 3085; x_wconf 78' lang='lat' dir='ltr'>tectu</span> <span class='ocrx_word' id='word_1_246' title='bbox 1042 3032 1209 3103; x_wconf 73' lang='lat' dir='ltr'>fulgentibus,</span> <span class='ocrx_word' id='word_1_247' title='bbox 1222 3044 1272 3085; x_wconf 89' lang='lat' dir='ltr'>toto</span> 
     </span>
     <span class='ocr_line' id='line_1_29' title="bbox 201 3112 1274 3185; baseline 0 -22"><span class='ocrx_word' id='word_1_248' title='bbox 201 3130 281 3182; x_wconf 52' lang='lat' dir='ltr'>mana</span> <span class='ocrx_word' id='word_1_249' title='bbox 288 3113 640 3182; x_wconf 60' lang='lat' dir='ltr'>margaritisirambinmnjus</span> <span class='ocrx_word' id='word_1_250' title='bbox 652 3131 717 3167; x_wconf 84' lang='lat' dir='ltr'>con·</span> <span class='ocrx_word' id='word_1_251' title='bbox 757 3117 849 3183; x_wconf 78' lang='lat' dir='ltr'>capite,</span> <span class='ocrx_word' id='word_1_252' title='bbox 865 3117 965 3167; x_wconf 73' lang='lat' dir='ltr'>eentum</span> <span class='ocrx_word' id='word_1_253' title='bbox 986 3116 1068 3185; x_wconf 81' lang='lat' dir='ltr'>spira,</span> <span class='ocrx_word' id='word_1_254' title='bbox 1086 3112 1201 3179; x_wconf 83' lang='lat' dir='ltr'>auribus,</span> <span class='ocrx_word' id='word_1_255' title='bbox 1216 3112 1274 3163; x_wconf 80' lang='lat' dir='ltr'>colli</span> 
     </span>
     <span class='ocr_line' id='line_1_30' title="bbox 199 3192 1272 3266; baseline -0.001 -22"><span class='ocrx_word' id='word_1_256' title='bbox 199 3192 486 3263; x_wconf 78' lang='lat' dir='ltr'>cretio,quamvisEois</span> <span class='ocrx_word' id='word_1_257' title='bbox 494 3193 641 3264; x_wconf 86' lang='lat' dir='ltr'>margaritis</span> <span class='ocrx_word' id='word_1_258' title='bbox 647 3192 715 3246; x_wconf 89' lang='lat' dir='ltr'>mul·</span> <span class='ocrx_word' id='word_1_259' title='bbox 758 3192 899 3259; x_wconf 61' lang='lat' dir='ltr'>nomilia,</span> <span class='ocrx_word' id='word_1_260' title='bbox 914 3194 999 3265; x_wconf 71' lang='lat' dir='ltr'>digitis</span> <span class='ocrx_word' id='word_1_261' title='bbox 1014 3213 1024 3246; x_wconf 93' lang='lat'>.·</span> <span class='ocrx_word' id='word_1_262' title='bbox 1042 3212 1096 3266; x_wconf 81' lang='lat' dir='ltr'>qua</span> <span class='ocrx_word' id='word_1_263' title='bbox 1109 3212 1200 3245; x_wconf 80' lang='lat' dir='ltr'>suntme</span> <span class='ocrx_word' id='word_1_264' title='bbox 1211 3212 1272 3262; x_wconf 78' lang='lat' dir='ltr'>qua·</span> 
     </span>
     <span class='ocr_line' id='line_1_31' title="bbox 201 3271 1273 3343; baseline -0.001 -19"><span class='ocrx_word' id='word_1_265' title='bbox 201 3283 259 3324; x_wconf 79' lang='lat' dir='ltr'>tum</span> <span class='ocrx_word' id='word_1_266' title='bbox 273 3271 367 3335; x_wconf 76' lang='lat' dir='ltr'>cedat,</span> <span class='ocrx_word' id='word_1_267' title='bbox 377 3290 409 3326; x_wconf 82' lang='lat' dir='ltr'>ca</span> <span class='ocrx_word' id='word_1_268' title='bbox 415 3287 502 3327; x_wconf 74' lang='lat' dir='ltr'>tamen</span> <span class='ocrx_word' id='word_1_269' title='bbox 514 3272 715 3342; x_wconf 77' lang='lat' dir='ltr'>pulchritudine</span> <span class='ocrx_word' id='word_1_270' title='bbox 758 3275 905 3343; x_wconf 71' lang='lat' dir='ltr'>drangetttt&#39;es</span> <span class='ocrx_word' id='word_1_271' title='bbox 912 3276 1043 3327; x_wconf 77' lang='lat' dir='ltr'>sestertium</span> <span class='ocrx_word' id='word_1_272' title='bbox 1056 3272 1202 3343; x_wconf 80' lang='lat' dir='ltr'>colligebat,</span> <span class='ocrx_word' id='word_1_273' title='bbox 1220 3275 1273 3342; x_wconf 64' lang='lat' dir='ltr'>paca</span> 
     </span>
     <span class='ocr_line' id='line_1_32' title="bbox 202 3351 1273 3426; baseline -0.001 -22"><span class='ocrx_word' id='word_1_274' title='bbox 202 3363 240 3404; x_wconf 83' lang='lat' dir='ltr'>est</span> <span class='ocrx_word' id='word_1_275' title='bbox 249 3369 308 3423; x_wconf 72' lang='lat' dir='ltr'>quc</span> <span class='ocrx_word' id='word_1_276' title='bbox 323 3353 386 3405; x_wconf 85' lang='lat' dir='ltr'>satis</span> <span class='ocrx_word' id='word_1_277' title='bbox 397 3371 497 3424; x_wconf 77' lang='lat' dir='ltr'>magno</span> <span class='ocrx_word' id='word_1_278' title='bbox 511 3353 597 3423; x_wconf 87' lang='lat' dir='ltr'>pretio</span> <span class='ocrx_word' id='word_1_279' title='bbox 610 3365 714 3407; x_wconf 82' lang='lat' dir='ltr'>veneat.</span> <span class='ocrx_word' id='word_1_280' title='bbox 758 3374 804 3406; x_wconf 87' lang='lat' dir='ltr'>een</span> <span class='ocrx_word' id='word_1_281' title='bbox 815 3358 882 3405; x_wconf 82' lang='lat' dir='ltr'>estin</span> <span class='ocrx_word' id='word_1_282' title='bbox 892 3366 981 3426; x_wconf 88' lang='lat' dir='ltr'>parata</span> <span class='ocrx_word' id='word_1_283' title='bbox 990 3356 1193 3424; x_wconf 82' lang='lat' dir='ltr'>mancupationem</span> <span class='ocrx_word' id='word_1_284' title='bbox 1202 3351 1273 3403; x_wconf 81' lang='lat' dir='ltr'>tabu·</span> 
     </span>
     <span class='ocr_line' id='line_1_33' title="bbox 204 3431 1148 3505; baseline 0.004 -22"><span class='ocrx_word' id='word_1_285' title='bbox 204 3431 322 3486; x_wconf 78' lang='lat' dir='ltr'>Corma.</span> <span class='ocrx_word' id='word_1_286' title='bbox 332 3433 548 3504; x_wconf 79' lang='lat' dir='ltr'>-Dignussane</span> <span class='ocrx_word' id='word_1_287' title='bbox 558 3451 638 3504; x_wconf 86' lang='lat' dir='ltr'>quens</span> <span class='ocrx_word' id='word_1_288' title='bbox 647 3451 714 3486; x_wconf 87' lang='lat' dir='ltr'>con-</span> <span class='ocrx_word' id='word_1_289' title='bbox 758 3434 906 3505; x_wconf 81' lang='lat' dir='ltr'>la&#39;sprobare.</span> <span class='ocrx_word' id='word_1_290' title='bbox 918 3435 1007 3505; x_wconf 74' lang='lat' dir='ltr'>Suasa.</span> <span class='ocrx_word' id='word_1_291' title='bbox 1019 3453 1047 3504; x_wconf 91' lang='lat' dir='ltr'>p.</span> <span class='ocrx_word' id='word_1_292' title='bbox 1063 3452 1148 3504; x_wconf 79' lang='lat'>¹¹7²·</span> 
     </span>
    </p>

    <p class='ocr_par' dir='ltr' id='par_1_7' title="bbox 201 3511 1276 3824">
     <span class='ocr_line' id='line_1_34' title="bbox 203 3511 1273 3585; baseline 0.001 -22"><span class='ocrx_word' id='word_1_293' title='bbox 203 3511 272 3565; x_wconf 76' lang='lat' dir='ltr'>feras</span> <span class='ocrx_word' id='word_1_294' title='bbox 281 3512 311 3564; x_wconf 89' lang='lat' dir='ltr'>lr.</span> <span class='ocrx_word' id='word_1_295' title='bbox 318 3512 338 3567; x_wconf 87' lang='lat' dir='ltr'>l.</span> <span class='ocrx_word' id='word_1_296' title='bbox 345 3512 463 3579; x_wconf 84' lang='lat' dir='ltr'>Tacitus,</span> <span class='ocrx_word' id='word_1_297' title='bbox 472 3512 519 3585; x_wconf 89' lang='lat' dir='ltr'>qui</span> <span class='ocrx_word' id='word_1_298' title='bbox 528 3514 557 3565; x_wconf 89' lang='lat' dir='ltr'>in</span> <span class='ocrx_word' id='word_1_299' title='bbox 567 3514 615 3567; x_wconf 82' lang='lat' dir='ltr'>vit.</span> <span class='ocrx_word' id='word_1_300' title='bbox 625 3513 714 3585; x_wconf 74' lang='lat' dir='ltr'>Agric.</span> <span class='ocrx_word' id='word_1_301' title='bbox 800 3520 826 3578; x_wconf 69' lang='grc'>4.</span> <span class='ocrx_word' id='word_1_302' title='bbox 835 3511 917 3585; x_wconf 83' lang='lat' dir='ltr'>Spira,</span> <span class='ocrx_word' id='word_1_303' title='bbox 927 3512 1039 3579; x_wconf 80' lang='lat' dir='ltr'>auribus,</span> <span class='ocrx_word' id='word_1_304' title='bbox 1051 3514 1128 3579; x_wconf 83' lang='lat' dir='ltr'>collo,</span> <span class='ocrx_word' id='word_1_305' title='bbox 1138 3512 1273 3577; x_wconf 82' lang='lat' dir='ltr'>monilibus,</span> 
     </span>
     <span class='ocr_line' id='line_1_35' title="bbox 201 3592 1273 3668; baseline 0.002 -25"><span class='ocrx_word' id='word_1_306' title='bbox 201 3608 260 3649; x_wconf 76' lang='lat' dir='ltr'>m,</span> <span class='ocrx_word' id='word_1_307' title='bbox 281 3592 338 3658; x_wconf 88' lang='lat' dir='ltr'>ait,</span> <span class='ocrx_word' id='word_1_308' title='bbox 357 3617 368 3639; x_wconf 79' lang='grc' dir='ltr'>ι</span> <span class='ocrx_word' id='word_1_309' title='bbox 383 3592 539 3663; x_wconf 82' lang='lat' dir='ltr'>margarita,</span> <span class='ocrx_word' id='word_1_310' title='bbox 551 3595 676 3648; x_wconf 81' lang='lat' dir='ltr'>subfusca</span> <span class='ocrx_word' id='word_1_311' title='bbox 685 3611 715 3647; x_wconf 89' lang='lat' dir='ltr'>ac</span> <span class='ocrx_word' id='word_1_312' title='bbox 757 3596 896 3668; x_wconf 75' lang='lat' dir='ltr'>digitisque.</span> <span class='ocrx_word' id='word_1_313' title='bbox 911 3594 1025 3649; x_wconf 84' lang='lat' dir='ltr'>Codices</span> <span class='ocrx_word' id='word_1_314' title='bbox 1035 3593 1111 3647; x_wconf 88' lang='lat' dir='ltr'>MSS.</span> <span class='ocrx_word' id='word_1_315' title='bbox 1121 3594 1159 3647; x_wconf 87' lang='lat' dir='ltr'>sio</span> <span class='ocrx_word' id='word_1_316' title='bbox 1170 3594 1273 3663; x_wconf 86' lang='lat' dir='ltr'>legunt,</span> 
     </span>
     <span class='ocr_line' id='line_1_36' title="bbox 202 3670 1275 3745; baseline 0.003 -23"><span class='ocrx_word' id='word_1_317' title='bbox 202 3670 328 3735; x_wconf 77' lang='lat' dir='ltr'>liventia,</span> <span class='ocrx_word' id='word_1_318' title='bbox 346 3686 429 3744; x_wconf 91' lang='lat' dir='ltr'>prout</span> <span class='ocrx_word' id='word_1_319' title='bbox 442 3673 551 3745; x_wconf 82' lang='lat' dir='ltr'>expulsa</span> <span class='ocrx_word' id='word_1_320' title='bbox 561 3674 616 3727; x_wconf 86' lang='lat' dir='ltr'>sint</span> <span class='ocrx_word' id='word_1_321' title='bbox 626 3673 715 3727; x_wconf 87' lang='lat' dir='ltr'>flucti·</span> <span class='ocrx_word' id='word_1_322' title='bbox 758 3694 814 3730; x_wconf 87' lang='lat' dir='ltr'>nou</span> <span class='ocrx_word' id='word_1_323' title='bbox 824 3677 913 3744; x_wconf 69' lang='lat' dir='ltr'>spiras,</span> <span class='ocrx_word' id='word_1_324' title='bbox 931 3687 961 3729; x_wconf 92' lang='lat' dir='ltr'>ut</span> <span class='ocrx_word' id='word_1_325' title='bbox 969 3672 1043 3728; x_wconf 84' lang='lat' dir='ltr'>editi.</span> <span class='ocrx_word' id='word_1_326' title='bbox 1054 3671 1096 3726; x_wconf 78' lang='lat' dir='ltr'>Ac</span> <span class='ocrx_word' id='word_1_327' title='bbox 1104 3673 1184 3745; x_wconf 89' lang='lat' dir='ltr'>paulo</span> <span class='ocrx_word' id='word_1_328' title='bbox 1194 3684 1255 3744; x_wconf 89' lang='lat' dir='ltr'>post</span> <span class='ocrx_word' id='word_1_329' title='bbox 1266 3712 1275 3737; x_wconf 97' lang='lat'>,</span> 
     </span>
     <span class='ocr_line' id='line_1_37' title="bbox 202 3751 1276 3824; baseline 0.001 -20"><span class='ocrx_word' id='word_1_330' title='bbox 202 3751 253 3804; x_wconf 88' lang='lat' dir='ltr'>bus</span> <span class='ocrx_word' id='word_1_331' title='bbox 267 3751 364 3817; x_wconf 88' lang='lat' dir='ltr'>maris,</span> <span class='ocrx_word' id='word_1_332' title='bbox 379 3752 406 3805; x_wconf 90' lang='lat' dir='ltr'>in</span> <span class='ocrx_word' id='word_1_333' title='bbox 420 3752 508 3807; x_wconf 83' lang='lat' dir='ltr'>littora</span> <span class='ocrx_word' id='word_1_334' title='bbox 520 3754 646 3824; x_wconf 70' lang='lat' dir='ltr'>colligi.»</span> <span class='ocrx_word' id='word_1_335' title='bbox 661 3755 714 3807; x_wconf 84' lang='lat' dir='ltr'>Eo.</span> <span class='ocrx_word' id='word_1_336' title='bbox 758 3754 901 3819; x_wconf 77' lang='lat' dir='ltr'>monilibus,</span> <span class='ocrx_word' id='word_1_337' title='bbox 915 3768 971 3809; x_wconf 88' lang='lat' dir='ltr'>turn</span> <span class='ocrx_word' id='word_1_338' title='bbox 983 3753 1046 3807; x_wconf 87' lang='lat' dir='ltr'>libri</span> <span class='ocrx_word' id='word_1_339' title='bbox 1058 3772 1139 3807; x_wconf 89' lang='lat' dir='ltr'>manu</span> <span class='ocrx_word' id='word_1_340' title='bbox 1156 3752 1276 3818; x_wconf 82' lang='lat' dir='ltr'>exarati,</span> 
     </span>
    </p>

    <p class='ocr_par' dir='ltr' id='par_1_8' title="bbox 204 3830 1276 4225">
     <span class='ocr_line' id='line_1_38' title="bbox 244 3830 1275 3905; baseline -0.002 -20"><span class='ocrx_word' id='word_1_341' title='bbox 244 3832 271 3885; x_wconf 84' lang='lat'>3.</span> <span class='ocrx_word' id='word_1_342' title='bbox 285 3830 362 3885; x_wconf 75' lang='lat' dir='ltr'>Dinis</span> <span class='ocrx_word' id='word_1_343' title='bbox 371 3832 461 3886; x_wconf 80' lang='lat' dir='ltr'>Julius.</span> <span class='ocrx_word' id='word_1_344' title='bbox 472 3835 561 3899; x_wconf 83' lang='lat' dir='ltr'>Quem</span> <span class='ocrx_word' id='word_1_345' title='bbox 572 3834 717 3905; x_wconf 82' lang='lat' dir='ltr'>Tranquil-</span> <span class='ocrx_word' id='word_1_346' title='bbox 761 3836 918 3889; x_wconf 83' lang='lat' dir='ltr'>tumvetusti</span> <span class='ocrx_word' id='word_1_347' title='bbox 926 3833 1275 3897; x_wconf 85' lang='lat' dir='ltr'>omnesanteHermolaum,</span> 
     </span>
     <span class='ocr_line' id='line_1_39' title="bbox 204 3910 1275 3987; baseline 0.002 -25"><span class='ocrx_word' id='word_1_348' title='bbox 204 3910 245 3963; x_wconf 86' lang='lat' dir='ltr'>lns</span> <span class='ocrx_word' id='word_1_349' title='bbox 254 3910 309 3977; x_wconf 88' lang='lat' dir='ltr'>ait,</span> <span class='ocrx_word' id='word_1_350' title='bbox 325 3929 383 3983; x_wconf 81' lang='lat' dir='ltr'>cap.</span> <span class='ocrx_word' id='word_1_351' title='bbox 400 3931 429 3966; x_wconf 80' lang='lat' dir='ltr'>tv</span> <span class='ocrx_word' id='word_1_352' title='bbox 444 3932 452 3966; x_wconf 75' lang='grc' dir='ltr'><strong><em>ε</em></strong></span> <span class='ocrx_word' id='word_1_353' title='bbox 465 3936 477 3958; x_wconf 76' lang='grc' dir='ltr'>ι</span> <span class='ocrx_word' id='word_1_354' title='bbox 488 3914 655 3968; x_wconf 85' lang='lat' dir='ltr'>Britanniam</span> <span class='ocrx_word' id='word_1_355' title='bbox 670 3931 718 3984; x_wconf 88' lang='lat' dir='ltr'>pe·</span> <span class='ocrx_word' id='word_1_356' title='bbox 761 3933 841 3985; x_wconf 81' lang='lat' dir='ltr'>quem</span> <span class='ocrx_word' id='word_1_357' title='bbox 854 3916 933 3987; x_wconf 87' lang='lat' dir='ltr'>hujus</span> <span class='ocrx_word' id='word_1_358' title='bbox 946 3914 1153 3972; x_wconf 65' lang='lat' dir='ltr'>vocabuntur,</span> <span class='ocrx_word' id='word_1_359' title='bbox 1166 3912 1275 3964; x_wconf 81' lang='lat' dir='ltr'>manibus</span> 
     </span>
     <span class='ocr_line' id='line_1_40' title="bbox 204 3989 1276 4066; baseline 0.001 -23"><span class='ocrx_word' id='word_1_360' title='bbox 204 3989 274 4043; x_wconf 83' lang='lat' dir='ltr'>tiisse</span> <span class='ocrx_word' id='word_1_361' title='bbox 300 4010 347 4062; x_wconf 87' lang='lat' dir='ltr'>spe</span> <span class='ocrx_word' id='word_1_362' title='bbox 368 3993 583 4063; x_wconf 84' lang='lat' dir='ltr'>margaritarum,</span> <span class='ocrx_word' id='word_1_363' title='bbox 604 4012 718 4065; x_wconf 81' lang='lat' dir='ltr'>quarum</span> <span class='ocrx_word' id='word_1_364' title='bbox 760 3995 908 4066; x_wconf 84' lang='lat' dir='ltr'>repostdsse</span> <span class='ocrx_word' id='word_1_365' title='bbox 928 3996 1030 4057; x_wconf 86' lang='lat' dir='ltr'>miror,</span> <span class='ocrx_word' id='word_1_366' title='bbox 1046 4012 1130 4065; x_wconf 87' lang='lat' dir='ltr'>quum</span> <span class='ocrx_word' id='word_1_367' title='bbox 1150 4003 1276 4063; x_wconf 81' lang='lat' dir='ltr'>sequatur</span> 
     </span>
     <span class='ocr_line' id='line_1_41' title="bbox 206 4070 1275 4146; baseline 0 -24"><span class='ocrx_word' id='word_1_368' title='bbox 206 4070 409 4142; x_wconf 87' lang='lat' dir='ltr'>amplitudinem</span> <span class='ocrx_word' id='word_1_369' title='bbox 419 4074 573 4139; x_wconf 77' lang='lat' dir='ltr'>conferens,</span> <span class='ocrx_word' id='word_1_370' title='bbox 582 4073 717 4129; x_wconf 85' lang='lat' dir='ltr'>interdum</span> <span class='ocrx_word' id='word_1_371' title='bbox 762 4076 901 4146; x_wconf 82' lang='lat' dir='ltr'>proxima,</span> <span class='ocrx_word' id='word_1_372' title='bbox 913 4075 1050 4145; x_wconf 76' lang='lat' dir='ltr'>digitisque.</span> <span class='ocrx_word' id='word_1_373' title='bbox 1060 4072 1275 4142; x_wconf 73' lang='lat' dir='ltr'>llario—Spita.</span> 
     </span>
     <span class='ocr_line' id='line_1_42' title="bbox 204 4151 1275 4225; baseline 0.002 -21"><span class='ocrx_word' id='word_1_374' title='bbox 204 4168 251 4203; x_wconf 83' lang='lat' dir='ltr'>sua</span> <span class='ocrx_word' id='word_1_375' title='bbox 267 4170 347 4205; x_wconf 84' lang='lat' dir='ltr'>mauu</span> <span class='ocrx_word' id='word_1_376' title='bbox 358 4151 464 4224; x_wconf 88' lang='lat' dir='ltr'>pondus</span> <span class='ocrx_word' id='word_1_377' title='bbox 476 4154 601 4225; x_wconf 79' lang='lat' dir='ltr'>exigeret.</span> <span class='ocrx_word' id='word_1_378' title='bbox 616 4180 628 4204; x_wconf 78' lang='grc' dir='ltr'>ι</span> <span class='ocrx_word' id='word_1_379' title='bbox 641 4154 677 4208; x_wconf 86' lang='grc' dir='ltr'>Η.</span> <span class='ocrx_word' id='word_1_380' title='bbox 762 4153 822 4209; x_wconf 83' lang='lat' dir='ltr'>Hoc</span> <span class='ocrx_word' id='word_1_381' title='bbox 834 4166 884 4221; x_wconf 87' lang='lat' dir='ltr'>est,</span> <span class='ocrx_word' id='word_1_382' title='bbox 894 4156 1065 4210; x_wconf 82' lang='lat' dir='ltr'>evolaturum</span> <span class='ocrx_word' id='word_1_383' title='bbox 1077 4151 1275 4209; x_wconf 86' lang='lat' dir='ltr'>criniumcrbc.</span> 
     </span>
    </p>
   </div>
   <div class='ocr_carea' id='block_1_4' title="bbox 0 0 1619 5159">
    <p class='ocr_par' dir='ltr' id='par_1_9' title="bbox 0 0 1619 5159">
     <span class='ocr_line' id='line_1_43' title="bbox 0 0 1619 5159; baseline 0 0"><span class='ocrx_word' id='word_1_384' title='bbox 0 0 1619 5159; x_wconf 95' lang='lat' dir='ltr'> </span> 
     </span>
    </p>
   </div>
  </div>
 </body>
</html>
