3200 5159
335 403 405 522 seo
609 449 650 516 c.
677 451 847 520 rururr
871 449 977 518 uir.
1005 449 1132 518 ursr.

334 580 446 681 pulli¹⁰
469 581 667 652 infestantur
682 607 702 651 a
720 583 887 678 vulpibus.
910 585 1058 652 Invicem
1085 581 1158 652 haec
1183 579 1310 652 catulos
1336 582 1409 676 ejus

333 694 505 786 ipsamque
515 686 615 757 vellit.
629 689 730 777 Quod
745 691 802 759 ubi
816 689 974 758 viderunt
989 690 1097 775 corvi,
1115 702 1231 788 contra
1247 686 1409 756 auxilian-

335 812 407 881 tur,
430 795 521 864 velut
539 794 697 864 adversus
715 821 927 865 communem
948 795 1089 865 hostem.
1113 797 1158 864 Et
1178 791 1356 864 acanthis'¹
1374 795 1409 864 in

334 904 438 997 spinis
454 903 558 970 vivit:
575 900 699 970 ideirco
711 905 821 973 asinos
837 917 871 971 et
890 903 961 996 ipsa
975 901 1062 985 odit,
1077 899 1175 970 flores
1192 902 1292 994 spinae
1307 899 1408 970 devo·

336 1023 457 1078 rantes.
478 1008 649 1101 AEgithunr
668 1007 782 1078 vcr0²²
797 1008 920 1076 anthus
934 1010 967 1076 in
982 1020 1128 1091 tantum,
1153 1021 1192 1074 ut
1214 1008 1408 1100 sanguinem
1457 1093 1464 1102 ·

337 1140 452 1184 eorum
471 1113 609 1184 credant
627 1139 695 1182 non
710 1116 816 1202 coire,
834 1112 1012 1207 multisque
1030 1112 1073 1181 ob
1092 1111 1125 1180 id
1141 1111 1306 1182 veneficiis
1322 1113 1408 1182 infa-

338 1236 440 1291 ment.
472 1220 642 1290 Dissident
667 1221 762 1290 thoes
787 1243 827 1290 ac
853 1219 973 1290 leones.
995 1221 1039 1288 Et
1059 1220 1196 1288 minima
1220 1203 1345 1312 aeque¹³
1368 1243 1407 1288 ac

337 1328 490 1396 maxima.
511 1313 770 1406 Formicosarn²⁴
791 1326 946 1395 arborem
965 1326 1086 1394 sorices
1111 1309 1270 1393 cavent²⁵.
1293 1323 1409 1395 Librat

338 1457 479 1503 araneus
497 1455 531 1501 se
553 1431 609 1500 filo
627 1433 661 1501 in
680 1447 782 1527 caput
800 1416 992 1526 serpentis²⁶
1019 1445 1181 1525 porrectas
1204 1429 1265 1499 sub
1290 1429 1409 1499 umbra

287 1550 290 1554 ’
339 1541 467 1610 arboris
496 1563 578 1624 suae,
595 1552 751 1632 tantaque
771 1540 804 1607 vi
825 1563 939 1608 morsu
967 1538 1140 1606 cerebrum
1174 1536 1409 1632 apprehendit,

340 1660 378 1715 ut
392 1641 535 1716 stridens
549 1644 708 1730 subinde,
727 1668 766 1715 ac
782 1647 943 1740 vertigine
961 1657 1083 1730 rotata,
1102 1669 1146 1712 ne
1159 1641 1251 1712 filum
1271 1642 1406 1736 quidem

339 1753 482 1847 desuper
499 1750 673 1846 pendentis
691 1775 864 1846 rumpere,
883 1750 966 1821 adeo
983 1775 1050 1820 non
1064 1749 1180 1844 fugere
1198 1764 1298 1843 queat
1317 1774 1327 1816 ε
1347 1773 1409 1818 nee

340 1859 415 1928 linis
432 1872 510 1927 ante
528 1870 672 1926 mortem
689 1871 749 1928 est.

339 2081 573 2153 eademquecorro
586 2079 675 2134 minor
686 2098 719 2132 ax
731 2081 852 2134 Pliniana
896 2080 968 2133 ἄνθου
985 2071 1049 2152 αἷμα
1061 2082 1086 2133 οὐ
1105 2083 1282 2153 supplemus.
1305 2085 1410 2140 «Aiunt
1492 2097 1494 2100 '

339 2163 460 2216 oratioue
483 2159 647 2230 intelligitur,
669 2178 700 2212 ea
725 2178 852 2213 essenon
897 2160 984 2230 aegitbi
1015 2173 1041 2212 et
1065 2160 1139 2214 anthi
1170 2162 1324 2233 sanguinem
1355 2184 1410 2218 non

340 2253 442 2315 potest,
464 2260 523 2311 quae
546 2258 561 2292 a
582 2239 679 2291 nostris
701 2240 853 2310 aucupibus
899 2239 1075 2292 commisceri.
1092 2265 1103 2286 ι
1116 2239 1256 2307 Fortassis,
1274 2245 1336 2314 quia
1353 2263 1410 2298 sau-

341 2321 461 2373 e'me'rs‘llon
474 2319 632 2390 appellatur,
641 2332 670 2371 ut
684 2319 855 2390 Dalecampio
898 2319 956 2390 guis
970 2319 1077 2372 alterius
1092 2319 1239 2392 pinguioris
1254 2323 1288 2375 sit
1298 2337 1409 2378 natura.

341 2403 438 2464 visum,
448 2400 591 2470 scaligero,
603 2399 777 2453 ethcbarto.
789 2400 853 2452 Hae
865 2411 868 2418 ’
899 2398 989 2453 Haeo.

342 2499 424 2552 porro
434 2479 469 2532 dc
484 2479 602 2532 solonis
620 2491 648 2530 et
662 2478 737 2532 corvi
752 2479 853 2550 vulpis·
940 2477 985 2533 23.
997 2479 1215 2552 Etminima'oequs.
1229 2481 1285 2533 Nec
1296 2483 1411 2538 maxims

339 2579 395 2632 que
423 2558 588 2623 inimicitiis,
619 2558 731 2612 totidem
765 2559 854 2612 verbis
897 2558 982 2611 solum
994 2558 1163 2622 animalium,
1182 2561 1284 2630 iuquit,
1304 2562 1411 2616 interae

341 2639 533 2710 Philosophus,
555 2638 606 2691 loe.
629 2638 674 2692 cit.
694 2658 755 2711 pag.
773 2657 854 2710 1007,
898 2636 1047 2691 dissident:
1071 2637 1117 2691 sed
1141 2651 1167 2691 et
1192 2659 1267 2711 aeque
1287 2642 1411 2707 minima,

343 2733 370 2774 et
383 2738 415 2772 ex
427 2738 459 2772 eo
472 2717 600 2782 AElianus,
613 2716 680 2772 Hist.
694 2719 785 2772 Anim.
796 2737 855 2790 cap.
898 2729 929 2770 ut
950 2717 1066 2771 formicas
1085 2731 1110 2771 et
1130 2719 1234 2772 sorices.
1254 2718 1413 2795 Corrumpit

346 2799 497 2854 Smilnn.
734 2795 746 2818 ⁸
898 2797 978 2868 hujus
1005 2797 1125 2850 lectionis
1150 2812 1313 2852 venustatem
1334 2815 1411 2854 vetu-

385 2898 429 2932 ao.
444 2877 519 2948 Cujus
530 2877 603 2946 pulli.
616 2875 853 2929 AEsulonisvideli·
898 2889 1019 2946 stumque
1047 2879 1231 2931 auctoritatem
1247 2880 1410 2946 Bocbartus,

342 2972 393 3023 cet,
404 2977 461 3011 nou
472 2957 565 3010 corvi:
582 2975 645 3009 nam
656 2957 853 3010 corvusetvul·
899 2955 932 3008 de
946 2957 1036 3008 Anium
1055 2971 1129 3028 purte
1146 2977 1171 3024 r,
1186 2977 1246 3030 pag.
1263 2961 1328 3024 846,
1344 2959 1411 3014 dum

344 3057 392 3112 pes
402 3037 491 3090 amici.
504 3037 595 3089 Hanc.
898 3035 970 3107 legit,
981 3048 1005 3087 et
1014 3040 1111 3089 minima
1125 3057 1230 3110 quisque.
1243 3038 1337 3092 flauo.

385 3134 431 3171 at.
446 3118 484 3170 Et
501 3117 620 3168 αεωιθθιὶο.
636 3113 770 3168 Aristotel.
791 3132 853 3185 pag.
941 3122 986 3178 ab.
1010 3117 1181 3170 Fomseosam.
1207 3118 1262 3170 Ubi
1288 3119 1410 3173 formicet

347 3199 425 3251 1008.
441 3195 579 3250 carduelis
597 3208 651 3260 est,
668 3194 854 3247 lachardonna·
899 3193 1065 3248 nidulnutur.
1082 3197 1173 3249 Hann.

343 3290 388 3330 ret.
404 3275 497 3329 Hunc.
943 3273 987 3328 οὗ.
1002 3275 1096 3327 Soricss
1108 3289 1199 3328 curent.
1215 3277 1258 3330 Sic
1273 3278 1336 3332 libri
1349 3279 1411 3349 qui·

386 3375 433 3409 ss.
454 3355 587 3425 AEgithum
606 3371 666 3406 aero
684 3354 784 3411 anthus.
804 3366 854 3408 etc.
899 3351 960 3406 dem
987 3353 1130 3425 impressi:
1153 3371 1178 3409 at
1197 3357 1271 3410 MSS.
1294 3376 1412 3412 omnes:

342 3434 515 3499 Plutarchus,
530 3434 585 3504 πορὶ
598 3434 686 3486 Φθόνου
696 3455 703 3485 :
715 3440 854 3504 Πολομοῦσι
900 3453 980 3486 urucoe
993 3447 1089 3500 cerem,
1105 3437 1173 3489 forte
1194 3456 1246 3506 pro
1264 3457 1357 3503 eruca,
1369 3438 1413 3490 vel

342 3511 369 3568 d·
381 3514 448 3569 ἀετοὶ
465 3515 506 3567 καὶ
524 3509 673 3584 δράκοντος,
693 3522 797 3584 κορῶναι
814 3513 855 3566 ecl
900 3517 989 3579 uricoe,
1010 3515 1046 3567 uti
1061 3513 1179 3568 dicemus
1194 3514 1229 3567 ad
1245 3517 1291 3569 lih.
1312 3519 1361 3570 xl.
1375 3519 1411 3570 Η.

342 3602 461 3666 γλαῦκος,
473 3592 606 3663 αἰγιθαλλοὶ
616 3594 658 3647 καὶ
670 3588 856 3658 ἀκανθυλλίδες,
943 3597 988 3648 οδ.
998 3597 1028 3648 In
1039 3608 1112 3666 caput
1119 3599 1240 3666 serpentis.
1250 3599 1336 3660 Quom
1346 3599 1413 3650 mira

342 3678 391 3737 ὥςι
410 3675 504 3728 τούτων
520 3675 550 3744 γε’
573 3693 633 3743 pass
654 3670 719 3742 padi
744 3674 772 3725 τὸ
790 3665 855 3743 αἷμα
899 3673 1033 3728 celeritate
1054 3693 1083 3726 us
1101 3676 1200 3744 pariter
1219 3675 1267 3728 filo
1287 3676 1415 3747 impediat

342 3758 467 3825 οιῇονοιοθαι
482 3755 676 3824 apostrophus,
697 3753 760 3805 ἀλλὰ
780 3760 804 3803 κ’
825 3751 854 3805 ἂν
899 3754 1104 3818 lacertularum,
1118 3773 1147 3807 sc
1164 3753 1261 3807 deinde
1277 3755 1412 3814 mordeat,

342 3837 422 3906 μίξῃς,
432 3830 486 3903 ἰδίᾳ
496 3835 571 3886 πάλιν
584 3832 686 3902 ἀποθροῖ
699 3828 856 3901 θιακρινόμι-
899 3831 1025 3886 describit
1036 3833 1222 3904 Philosophus.
1240 3835 1307 3889 Hist.
1322 3839 1413 3889 Anim.

341 3913 680 3982 omnum—sigium
693 3931 759 3965 vero.
772 3913 853 3966 Arist.
899 3911 946 3964 lib.
969 3912 1095 3984 1X,cap.
1117 3912 1170 3978 63,
1188 3933 1247 3986 pag.
1274 3921 1357 3968 1106.
1375 3917 1416 3968 Ut

342 4014 401 4066 pag.
423 3995 515 4048 1008:
538 3992 590 4046 Kal
612 3992 680 4052 ἄνθος
700 3992 743 4047 καὶ
763 3992 854 4061 ulfilae
898 3993 1032 4044 stelliones
1048 3993 1162 4045 vicissim
1180 4013 1288 4048 araneas
1304 4009 1413 4064 vorent,

340 4074 461 4146 eclipses.
474 4077 582 4145 Δίγιται
601 4067 632 4126 dl
648 4073 686 4125 ὅτι
698 4073 791 4143 αἰγίθοο
812 4071 853 4124 ael
897 4069 1001 4126 dicetur
1011 4071 1121 4137 tihlx,
1132 4075 1246 4145 eap.3s.
1262 4075 1353 4130 Hsau.
