3200 5159
368 477 442 563 264
630 479 669 546 C·
697 477 870 546 PLINll
896 475 1009 546 Nsr.
1038 476 1170 544 HIST.

367 613 448 680 tium
469 631 642 678 recessus:
660 609 871 702 inventisque
891 608 961 700 jam
981 621 1059 676 sunt
1074 607 1121 676 ibi
1140 604 1358 702 nudae.stque
1377 609 1434 679 de·

367 703 528 811 plumes&
540 713 732 784 Thebarum
746 700 850 782 tecta⁵
863 714 973 783 subire
987 727 1169 808 negantur,
1182 715 1339 808 quoniam
1352 715 1434 786 urbs

367 911 483 975 Querit,
496 922 523 962 et
540 911 667 962 heroum
680 908 826 978 longinquo
839 908 875 960 si·
918 925 999 970 rens,
1019 907 1199 976 lnsnetnsqne
1222 905 1296 958 calor
1319 906 1433 962 mbentia

366 987 430 1042 dere
450 989 533 1060 frigus
548 989 636 1042 Mutat
650 985 768 1039 hirundo
785 987 874 1056 lngax:
918 987 1037 1039 membra
1051 986 1172 1050 resolvit,
1183 986 1271 1056 Atque
1278 986 1434 1056 vaporiferis

365 1069 443 1122 aliter
456 1067 620 1121 mensdocta
627 1067 704 1120 saluti
717 1066 874 1128 Consuluit,
918 1065 1035 1136 gravies
1053 1065 1205 1118 fornacibus
1219 1076 1305 1118 arstns.
1318 1089 1330 1112 ι
1351 1065 1433 1130 Quod

364 1159 505 1218 motusque
532 1146 606 1201 dedit
637 1158 732 1200 natura
764 1163 875 1216 sagaces
918 1163 983 1198 vero
996 1144 1145 1198 Plinianam
1158 1144 1229 1197 benc
1242 1142 1371 1216 loquendi
1379 1143 1434 1200 tor·

366 1227 486 1298 Namque
499 1227 567 1280 inter
579 1243 635 1280 sese
645 1226 740 1297 pennis
756 1243 805 1297 per
816 1243 876 1278 mn·
918 1223 1433 1298 mam,sequt'raoatiuareeessm,impro·

366 1319 411 1360 tua
438 1306 532 1372 nexis,
557 1307 593 1358 Et
619 1303 732 1377 pedibus
753 1323 761 1358 ι
783 1303 875 1376 tepido
919 1303 1130 1375 batScaligerin
1142 1321 1205 1356 enm
1218 1303 1431 1374 Philosopbilo·

365 1387 481 1440 subeunt
503 1385 616 1438 hutnore
633 1382 757 1456 paludes,
780 1385 877 1454 lngen-
918 1401 990 1449 cnm,
1001 1381 1092 1456 «qnod
1100 1381 1182 1436 duces
1195 1393 1298 1436 tantum
1309 1384 1431 1450 mobiles,

365 1477 457 1536 traque
481 1465 569 1530 lacus,
589 1463 673 1518 londo
695 1482 749 1534 qua
777 1464 875 1517 scilicet
918 1462 1026 1534 inquit,
1052 1462 1190 1533 sequimur
1211 1484 1217 1514 :
1241 1487 1253 1508 ·
1281 1478 1376 1516 vereor
1399 1477 1432 1518 nt

365 1546 419 1597 imo
439 1543 563 1598 Subsedit
586 1545 668 1610 colos,
692 1555 720 1596 et
739 1561 819 1596 renas
836 1556 875 1596 te·
919 1541 1104 1596 Grammaticis
1122 1541 1292 1614 peritiorbus
1311 1541 1430 1598 animad-

364 1623 468 1694 peiacta
480 1625 593 1678 calentes
603 1625 686 1688 Laxat
698 1622 773 1676 bians
788 1623 874 1676 tellas.
917 1623 1070 1675 versionem
1093 1621 1164 1675 banc
1190 1639 1263 1675 snam
1290 1623 1430 1693 approbet.

364 1701 415 1756 Hic
433 1703 524 1756 blandi
545 1717 665 1775 tempora
683 1702 753 1756 veris
777 1703 876 1772 Exspe-
918 1701 988 1756 Nam
1003 1706 1202 1772 opportunitatem
1218 1702 1267 1754 loci
1278 1714 1370 1755 seeum
1383 1703 1429 1756 Ci-

363 1781 542 1848 ctaut,donee
550 1783 630 1855 rigidi
636 1781 804 1835 inclementia
810 1782 876 1847 celi,
918 1800 980 1834 cero
988 1780 1091 1850 laudat,
1106 1779 1140 1834 de
1152 1781 1232 1835 Offic.
1248 1781 1297 1834 lib.
1308 1781 1341 1844 1,
1352 1800 1429 1835 num.

364 1863 399 1915 Et
414 1863 498 1916 Borea
513 1863 629 1933 spirante
645 1860 875 1915 surensdesaviat
920 1859 971 1928 35,
986 1861 1089 1932 aliaque
1101 1873 1208 1932 possent
1224 1860 1339 1931 proferri
1354 1861 1430 1914 simi·
1472 1858 1488 1875 '⁴

365 1945 467 1996 Arctos.
487 1944 591 1996 luteres
606 1941 712 2013 penitus
727 1941 814 1993 vitalis
825 1939 874 1994 de·
917 1940 974 2007 lia,
987 1959 1047 2011 quas
1058 1941 1175 1993 Plinium
1193 1939 1329 1994 latinitatis
1338 1953 1430 1993 anmo-

364 2021 421 2074 licit
432 2021 570 2074 bumorln
581 2021 693 2093 speciem
706 2037 713 2073 :
724 2021 800 2072 nullo
811 2021 875 2092 pul·
917 2039 975 2074 rem
994 2021 1022 2072 iu
1034 2020 1129 2092 primia
1138 2020 1282 2073 nobilema
1297 2019 1430 2073 calumnia

260 2149 261 2154 ,
363 2113 455 2154 sanmr
467 2119 580 2170 corpora
589 2099 875 2172 motu3Hibernosque
917 2099 1092 2154 vindicarent.
1105 2101 1202 2153 Noster
1210 2097 1277 2152 dicit
1287 2103 1429 2169 aps-leone·

364 2193 436 2233 tenet
445 2180 494 2232 sub
501 2181 576 2250 aquis
585 2198 656 2233 mors
664 2198 751 2232 muna
763 2197 873 2234 meuses.
917 2198 1009 2243 emas,
1020 2197 1144 2232 cavernas
1157 2179 1289 2233 montium
1301 2177 1336 2231 sd
1346 2178 1428 2231 solem

364 2259 467 2312 Astnbi
475 2259 875 2332 purpureispatelecitcurnibns
918 2271 1034 2330 apertas,
1049 2260 1092 2313 rel
1107 2271 1178 2312 tatas
1190 2259 1282 2314 saltem
1292 2275 1308 2311 a
1318 2258 1427 2330 frigore.

362 2355 462 2392 annunt
472 2341 592 2405 Taurus,
603 2351 629 2392 et
641 2337 875 2408 infestaeiugernnt
916 2340 1009 2393 Refert
1024 2339 1122 2392 Atban.
1136 2338 1300 2402 Kncberna,
1309 2350 1377 2393 tom.
1388 2339 1426 2390 11.

363 2417 462 2488 frigora
485 2419 602 2482 hrumae,
626 2419 702 2472 Ilicet
716 2431 872 2488 emergunt:
916 2417 1013 2472 Mundi
1028 2419 1142 2472 subtere.
1153 2419 1202 2471 lib.
1214 2419 1357 2488 VILpag.
1372 2419 1428 2482 88,

363 2495 575 2568 videaspenusta
589 2497 834 2568 reinndiAgmina,
847 2511 873 2552 et
916 2497 945 2552 id
963 2517 991 2552 sc
1012 2498 1104 2552 multis
1123 2497 1311 2568 experimentis
1332 2515 1427 2550 rernm

363 2577 517 2630 innumeras
538 2576 617 2630 undis
637 2595 716 2630 enare
742 2577 871 2631 volucres.
915 2577 1146 2632 didiciasc.llssn.

363 2656 467 2728 Nempe
482 2656 634 2709 summatim
650 2655 745 2728 pennis
761 2656 872 2710 bibema
957 2665 983 2721 4.
1006 2659 1142 2728 Deplnmes.
1160 2654 1318 2728 cujusmodi
1331 2655 1428 2709 birun-

361 2735 517 2806 relinquunt
532 2736 652 2806 Hospitis
673 2756 680 2788 :
700 2735 873 2806 antiquasque
916 2735 1427 2808 dinibusllutropiidepilecapuminea·

363 2812 468 2880 domos,
486 2827 514 2866 et
533 2816 638 2886 cognita
654 2813 711 2868 nidi
729 2815 812 2868 Tecta
828 2834 871 2888 pe-
915 2815 1264 2888 qneeaesum,Claudianus
1272 2815 1386 2876 confert,
1397 2815 1425 2867 in

362 2905 438 2959 tunt,
448 2891 591 2965 dulcesque
599 2894 688 2948 rolant
698 2893 817 2947 reditiva
824 2913 873 2967 per
915 2897 1034 2950 Eutlib.
1041 2899 1065 2962 1,
1075 2916 1101 2951 v.
1113 2897 1167 2950 118
1178 2895 1351 2965 :uvelqualis
1358 2895 1426 2965 geli·

362 2991 455 3036 anns,
470 2974 660 3044 Insuetumque
679 2973 729 3026 sibi
748 2987 873 3044 repetunt
915 2974 957 3028 dis
969 2978 1060 3048 pluma
1072 2977 1178 3030 labente
1189 2975 1293 3045 pruinis
1313 2973 1425 3028 Arboris

362 3053 482 3105 examina
503 3054 606 3106 coium.
626 3053 700 3118 Quin
725 3053 806 3106 edam
825 3053 873 3107 bas
914 3055 1068 3110 immoritur
1079 3069 1175 3108 manco
1186 3054 1314 3107 brumalis
1329 3053 1423 3108 biron·

360 3130 444 3185 l'unda
465 3131 580 3203 piscator
596 3134 717 3186 verberet
741 3131 827 3186 undas
842 3133 871 3186 si
913 3132 959 3188 do.
975 3161 987 3184 ι
1005 3135 1097 3189 Hsan.
1448 3133 1451 3139 ’

360 3211 429 3284 quis,
438 3212 755 3266 stimmotoscruteturin
765 3231 871 3284 aquore
955 3215 982 3269 5.
1016 3216 1151 3268 Thebarum
1180 3225 1242 3264 tecta
1273 3213 1353 3264 salire
1380 3231 1423 3264 ne-

361 3291 459 3362 pisces,
479 3291 551 3345 Retia
573 3310 633 3345 rara
651 3291 773 3354 trahens,
794 3292 870 3346 cacis
912 3307 1012 3363 postue.
1034 3294 1144 3348 iteravit
1162 3293 1286 3358 Solinus,
1310 3310 1368 3364 cap.
1387 3311 1423 3358 x,

359 3368 489 3441 deprensa
505 3371 612 3426 latebris
632 3371 749 3424 Plurima
764 3372 870 3443 piscan·
912 3390 974 3444 pap.
999 3375 1045 3428 all.
1071 3369 1184 3427 Excedit
1209 3390 1318 3426 omnem
1340 3370 1422 3424 iidem

360 3461 411 3503 tem
425 3469 536 3503 numero
550 3451 693 3504 frustretur
712 3450 797 3508 inani.
814 3452 869 3504 Lu·
912 3452 987 3523 qnod
1014 3453 1079 3506 bnic
1105 3451 1251 3505 narrationi
1279 3450 1422 3523 pssapbra·

358 3543 510 3600 mentesque
522 3529 611 3601 plagas
624 3531 708 3601 sopita
725 3530 815 3602 fatigat
825 3531 869 3584 hi·
911 3545 964 3585 stes
984 3532 1091 3586 Solinus
1111 3530 1200 3596 addit,
1228 3530 1267 3584 ita
1289 3531 1423 3597 scribens,

358 3608 452 3662 raudo.
474 3609 536 3662 Illas
552 3609 719 3663 exanimessi
739 3611 799 3682 quis
817 3611 868 3664 snb
911 3630 970 3684 cap.
985 3633 1018 3677 x,
1030 3631 1092 3684 pag.
1106 3613 1158 3678 sd,
1171 3609 1420 3664 debirundinibns:

357 3701 425 3742 tecta
438 3701 572 3760 reportat,
588 3687 765 3760 Admovitque
783 3690 868 3754 locis,
915 3717 927 3739 ι
939 3691 975 3745 Et
988 3693 1109 3756 Tbebas,
1131 3689 1204 3762 quod
1214 3691 1259 3744 illa
1270 3691 1367 3743 mnsnia
1376 3708 1422 3742 sa·

355 3766 476 3840 tepidum
486 3768 527 3822 rel
539 3769 623 3822 sicubi
633 3770 745 3822 volvunt
755 3767 867 3827 AEdibns
911 3770 973 3841 pius
989 3785 1068 3844 oapta
1086 3786 1165 3836 sunt,
1177 3783 1306 3842 negantur
1321 3769 1420 3822 subire.

354 3848 382 3901 in
398 3847 494 3901 mediis
509 3849 625 3919 subjecta
643 3847 865 3919 hypodaustara·
910 3851 980 3904 Nam
988 3850 1334 3905 intercaterababeseillas
1341 3847 1422 3920 qnid·

354 3945 461 3996 potem,
475 3929 537 3982 Vita
548 3926 636 3990 redit,
659 3929 738 3998 primi
752 3927 865 3982 redeant
908 3928 1200 4000 dampraescinminde
1206 3929 1336 3990 noscitur,
1346 3926 1423 4000 quod

353 4008 503 4078 incorpora
515 4008 745 4079 sensus31aurque
757 4009 861 4064 volant:
906 4009 1012 4081 leprosa
1034 4028 1089 4063 non
1118 4021 1213 4080 petam
1232 4008 1370 4072 culmina,
1395 4021 1423 4061 et

349 4085 396 4138 sed
417 4089 489 4141 enim
509 4087 674 4159 penetrabile
689 4088 772 4158 frigus
792 4086 861 4141 adu·
905 4102 1079 4162 “pacantur
1093 4089 1211 4159 perium
1226 4084 1421 4162 quoquomodo
