3200 5159
599 503 758 572 LIBER
790 503 835 571 X.
1177 505 1247 575 281

185 641 277 734 jore,
297 650 425 706 tanturn
439 636 614 740 purpureis
629 647 662 704 et
676 633 825 705 candidis
842 633 995 704 admixtis
1013 636 1149 730 pennis,
1168 635 1254 707 collo

188 728 323 838 gracili
341 767 382 812 ac
406 767 557 838 procero.
575 739 725 813 Alterum
744 727 868 872 genus⁴
895 764 1010 810 earum
1030 742 1255 836 magnitudine

188 849 416 978 distinguitur
424 862 458 919 et
486 863 596 918 cantu.
625 831 795 916 Minores⁵
824 847 861 916 in
885 846 1090 917 arundinetis
1118 863 1254 918 canunt.

192 939 416 1050 Halcyonem⁶
437 954 549 1025 videre
563 953 768 1023 rarissimum
786 967 855 1040 est,
868 977 932 1023 nec
953 954 1017 1023 nisi
1008 953 1256 1050 Vergiliarum

189 1155 232 1226 jus
250 1152 306 1208 avis
328 1152 468 1208 interiores
490 1139 596 1226 pallida
617 1164 700 1218 sunt,
743 1153 1067 1226 nuncnobisapptllan',
1086 1158 1200 1210 matoes
1212 1166 1257 1228 pc·

190 1233 339 1306 superiores
354 1232 487 1294 caerulea,
503 1245 533 1286 ut
544 1231 700 1303 halcyonis,
743 1231 824 1285 clear.
837 1232 928 1288 trien.

190 1325 330 1384 postrema
345 1311 464 1384 pinnula
480 1311 643 1366 habemur.-
665 1311 700 1363 Et
785 1316 812 1375 4.
833 1313 947 1366 Alterum
958 1332 1034 1383 geraus
1044 1333 1126 1367 mum
1137 1317 1257 1385 magada·

190 1391 293 1446 Plinius
305 1391 393 1464 capite
404 1389 546 1464 proximo:
566 1417 578 1439 ι
591 1391 701 1460 Merops
742 1389 799 1442 dina
811 1391 979 1463 distinguitur,
993 1404 1106 1446 etcmtu.
1121 1395 1205 1450 llatns
1215 1407 1255 1450 est

191 1483 314 1536 vocatur,
325 1472 457 1542 genitores
469 1489 532 1525 suos
549 1468 701 1524 reconditos
743 1469 881 1524 Pintianas
898 1472 962 1525 huic
977 1471 1038 1524 loco
1053 1470 1180 1527 mendum
1191 1475 1255 1527 sula·

191 1568 315 1622 pascens,
333 1549 433 1621 pallido
446 1549 517 1604 intus
532 1550 622 1606 colore
634 1567 701 1620 pen·
743 1567 816 1616 esse,
837 1561 916 1622 atque
935 1552 987 1605 hoc
1005 1563 1084 1622 pacto
1104 1552 1157 1624 legi
1174 1571 1254 1624 opor·
1330 1601 1335 1607 ,

191 1648 300 1695 aarum,
314 1648 429 1702 superne
448 1648 566 1702 cyaneo,
587 1627 701 1700 pulmoni
743 1640 818 1683 tere:
834 1631 976 1694 rdlterum
990 1649 1073 1702 genas
1087 1649 1181 1684 earum
1198 1651 1264 1687 nram

191 1708 334 1764 subrutilo.
345 1734 357 1756 ι
377 1709 405 1762 si
415 1709 590 1781 quisobjiciat
598 1707 626 1762 in
636 1725 701 1778 gras·
743 1708 1250 1781 gnitudinedistinguitnrmeccanunt..

192 1807 225 1842 co
239 1787 385 1843 Aristotelis
404 1787 511 1854 codice,
524 1808 581 1842 non
598 1787 700 1853 aalma,
744 1788 1255 1862 Quamemendationcmscriptorisscn-

192 1873 244 1922 hoc
256 1881 312 1935 eat,
323 1867 452 1940 pallidum
464 1868 581 1922 colorem
594 1867 702 1942 halcyo·
744 1885 787 1920 sus
799 1867 857 1940 ipse
871 1870 998 1923 confutat.
1011 1870 1079 1923 Nam
1098 1869 1133 1924 de
1150 1871 1254 1926 minore

191 1946 220 2000 ni
236 1948 334 2011 tribui,
346 1947 392 2002 sed
402 1949 527 2014 chloron,
536 1948 588 2002 hoc
597 1960 650 2012 est,
660 1946 700 2000 ri·
743 1947 890 2019 halcyone,
903 1967 962 2020 quse
972 1949 1069 2002 vocalis
1080 1963 1135 2015 est,
1146 1969 1218 2005 nunc
1226 1970 1254 2004 se

192 2025 278 2080 ridem
292 2045 338 2081 seu
358 2029 475 2094 luteum;
494 2027 558 2081 sciat
574 2026 630 2079 duo
644 2027 701 2080 hec
744 2045 820 2098 agere
834 2041 925 2099 aperte
945 2028 1091 2100 significat,
1112 2030 1160 2100 qui
1179 2030 1254 2101 prius

112 2165 117 2180 Ι
191 2107 300 2159 nomina
313 2125 363 2177 pro
376 2125 404 2160 se
418 2107 532 2160 invicem
547 2106 614 2178 poni
628 2104 701 2178 apud
743 2108 873 2179 majorem
889 2108 960 2161 collo
977 2108 1069 2179 gracili
1087 2127 1118 2161 ac
1139 2129 1255 2180 proceru

192 2185 361 2255 Aristotelem
378 2209 386 2240 ι
404 2184 477 2258 quod
498 2198 571 2257 patet
592 2203 624 2238 ex
645 2187 701 2257 ejus
743 2186 891 2258 insignem,
905 2188 1017 2241 notarit.
1032 2188 1191 2260 Quanquam
1203 2209 1254 2244 nec

192 2265 290 2330 verbis,
301 2283 359 2336 cap.
372 2264 572 2320 tertiodecimo:
585 2291 596 2313 ι
606 2266 698 2327 Lutea,
743 2266 828 2337 major
843 2265 900 2337 ipsa
916 2267 952 2320 ita
967 2280 1005 2320 est
1018 2267 1125 2338 ἄφωνος,
1138 2268 1207 2325 nihil
1223 2282 1253 2328 ut

192 2345 299 2416 inquit,
327 2343 400 2398 dicta
414 2358 452 2398 est
472 2365 487 2398 a
508 2345 600 2400 colore
620 2345 701 2414 partis
744 2345 955 2400 omninodieat:
968 2347 1070 2418 aliquid
1083 2347 1154 2401 enirn
1167 2348 1252 2401 inex·

192 2443 246 2479 sura
269 2424 401 2478 inferioris
428 2423 568 2497 pallido·
594 2425 630 2478 Et
652 2424 701 2478 uhi
742 2425 889 2496 plicatione
905 2425 1021 2492 alarum,
1044 2425 1110 2480 dum
1129 2427 1182 2480 alio
1201 2430 1253 2482 mi·

194 2505 311 2574 meropi,
325 2503 454 2576 pallidum
473 2505 573 2558 Plinius
594 2504 699 2568 tribuit,
743 2523 820 2578 grate
830 2505 902 2569 vult,
917 2506 1042 2578 exprimit
1053 2506 1091 2560 :si
1102 2506 1213 2577 quidem
1222 2527 1253 2562 ea

193 2583 232 2637 ibi
246 2583 396 2638 Aristoteles
409 2583 519 2638 oehron.
532 2585 603 2655 Ergo
615 2584 701 2637 luteus
744 2584 797 2638 aris
813 2596 865 2651 eat,
886 2604 966 2658 qnam
981 2589 1132 2638 martmetum
1145 2590 1253 2657 piscato·

193 2675 220 2717 et
236 2663 351 2734 pallidus
370 2663 458 2727 color,
476 2664 603 2718 tolidem
620 2676 699 2728 sunt,
744 2683 791 2716 rem
800 2676 903 2718 vocant.
909 2664 1004 2718 Sensus
1010 2684 1074 2718 nero
1080 2667 1251 2721 tenorhicce:

193 2743 234 2796 vel
246 2743 328 2796 ferme
342 2742 420 2796 idem.
438 2743 517 2797 Prnr.
743 2744 877 2808 Alterum,
890 2743 1082 2816 inquit,genus
1091 2745 1253 2817 halcyonum

235 2823 260 2877 3.
270 2823 439 2892 Collogmcili.
446 2823 700 2894 Velcollumproro·
744 2843 758 2876 a
768 2823 903 2893 superiore
915 2822 1010 2888 distat,
1022 2837 1049 2877 et
1059 2825 1254 2895 magnitudine,

193 2915 247 2956 stro
264 2908 467 2972 καταχρηστικῶς
478 2901 574 2956 dixisse
584 2903 701 2955 Plinium
744 2915 771 2956 et
785 2916 864 2956 cantu
880 2920 887 2955 ε
906 2917 968 2958 sunt
981 2904 1053 2956 enim
1071 2905 1188 2958 minores
1201 2923 1254 2968 ete,

192 3000 296 3035 necesse
306 2994 357 3046 est,
366 2980 439 3052 quod
449 2983 529 3053 paulo
538 3001 599 3036 sane
608 2981 701 3034 durius
744 2995 771 3034 et
778 2981 807 3033 in
819 2979 983 3036 arundinetis
991 2997 1090 3036 canunt
1100 3003 1108 3036 r
1119 2984 1254 3047 Bellonio,

193 3079 248 3114 esse
260 3080 316 3115 non
328 3061 433 3114 inficior
448 3080 456 3115 z
473 3075 518 3114 aut
532 3076 603 3116 certe
616 3062 700 3114 hallu·
743 3062 790 3114 lib.
799 3064 851 3126 IV,
858 3081 916 3132 cap.
931 3068 965 3116 ²6
975 3102 983 3131 ‚
994 3064 1253 3118 massennes-timu.

193 3141 310 3193 cinatum
326 3157 381 3193 esse
398 3153 534 3194 :rostrum
550 3143 621 3196 enim
637 3160 702 3212 pro·
786 3140 813 3194 5.
825 3143 940 3195 Minores.
953 3143 1063 3195 Aristot.
1076 3145 1143 3199 Hist.
1164 3145 1253 3198 Anim.

193 3238 284 3272 cerum
301 3220 441 3290 halcyoni,
459 3233 486 3274 et
506 3222 604 3291 gracile
624 3239 678 3274 esse
692 3259 700 3286 ,
744 3221 791 3274 lib.
802 3222 886 3284 Vlll,
898 3241 955 3293 cap.
969 3241 1002 3291 7,
1013 3241 1074 3293 pag,
1087 3225 1252 3292 892.Haan.

193 3318 248 3351 non
264 3300 378 3365 collum,
391 3301 448 3352 trim
467 3319 508 3353 res
524 3301 581 3371 ipsa
596 3311 701 3366 monet,
786 3305 814 3354 6.
825 3301 982 3371 Halcyonem.
994 3303 1075 3355 Arist.
1086 3303 1209 3357 Histlib.
1219 3306 1255 3369 V,

193 3378 346 3450 effigiesque
354 3397 432 3449 qnam
443 3379 577 3434 Bellonius
586 3380 702 3444 exhibet,
744 3399 804 3451 cap.
816 3402 847 3448 9,
869 3399 929 3452 pag.
947 3381 1011 3443 541.
1027 3382 1131 3436 Iudicat
1143 3383 1184 3435 rel
1198 3385 1255 3438 hoc

193 3458 244 3510 loc·
266 3457 311 3511 cit.
332 3470 390 3510 tum
405 3457 488 3511 Arist.
502 3460 548 3530 qui
563 3457 654 3512 eadem
671 3477 702 3512 ac
745 3461 801 3512 aris
819 3459 912 3512 raritas
933 3480 988 3512 non
1010 3480 1065 3514 esse
1083 3463 1254 3533 halcyonem,

192 3537 295 3590 Plinius
304 3535 469 3607 totidemque
479 3539 567 3592 verbis
579 3539 630 3592 hoc
642 3538 702 3592 loco
746 3559 806 3611 quaa
831 3551 942 3592 vocetur
962 3545 1075 3592 mammet
1091 3543 1218 3612 perlem,
1240 3563 1254 3596 a

194 3615 291 3670 tradit:
306 3619 334 3670 τὸ
344 3612 373 3670 di
384 3617 482 3687 ῥύγχος,
496 3617 634 3688 ὑπόχλωροι
645 3619 700 3688 pia,
746 3619 899 3690 scaligero,
918 3619 1100 3692 Bellonioque.
1116 3622 1257 3674 Harsa.—

193 3698 284 3767 μακρδι
302 3692 382 3749 δὲκαὶ
403 3699 503 3749 λιπτόν.
518 3697 599 3763 Quod
612 3699 634 3750 si
647 3698 703 3750 haec
745 3698 893 3768 Halcyoaes.
919 3700 1048 3752 Pacuvius
1071 3701 1100 3753 in
1124 3701 1228 3754 Teucro
1248 3724 1255 3754 ε

195 3776 228 3828 ab
238 3776 294 3829 aliis
305 3776 393 3830 hausit
404 3776 588 3846 scriptoribus,
602 3795 651 3830 noc
664 3789 702 3829 te·
749 3803 761 3825 ι
775 3779 947 3848 Flexanima,
971 3791 1097 3850 tanquam
1121 3780 1257 3851 lymphata

195 3873 266 3908 mere
279 3856 312 3908 ab
326 3857 358 3908 iis
371 3867 483 3926 utraque
498 3856 560 3910 colli
572 3857 702 3928 rostrique
746 3870 773 3911 et
782 3859 879 3912 Bacchi
885 3859 1159 3924 sacriaCommota,in
1168 3871 1257 3912 tumu-

195 3935 338 4005 proceritas
357 3935 481 4006 halcyoni
501 3937 625 3991 attributa
648 3950 701 4000 est,
744 3937 778 3992 lia
801 3939 937 3992 Teucrum
961 3957 1130 3992 commorans
1152 3957 1258 4004 meum,

195 4014 303 4068 labascit
325 4033 417 4068 emam
441 4017 610 4087 conjectura,
636 4035 702 4088 quos
746 4018 1254 4090 Alcyonisritalittuspervolanaferor.a

194 4093 701 4167 sup.diaimusexistimassehalcyonem
747 4097 872 4166 Apollon.
886 4098 934 4152 lib.
949 4100 990 4152 lv
1002 4116 1009 4150 :
1023 4099 1104 4154 τήλοθι
1121 4093 1148 4150 δ’
1161 4099 1197 4156 ola
1214 4107 1260 4155 du·
