<?xml version="1.0" encoding="UTF-8"?>
<!DOCTYPE html PUBLIC "-//W3C//DTD XHTML 1.0 Transitional//EN"
    "http://www.w3.org/TR/xhtml1/DTD/xhtml1-transitional.dtd">
<html xmlns="http://www.w3.org/1999/xhtml" xml:lang="en" lang="en">
 <head>
  <title>
</title>
<meta http-equiv="Content-Type" content="text/html;charset=utf-8" />
  <meta name='ocr-system' content='tesseract 3.04.00' />
  <meta name='ocr-capabilities' content='ocr_page ocr_carea ocr_par ocr_line ocrx_word'/>
</head>
<body>
  <div class='ocr_page' id='page_1' title='image "./caiipliniisecun03unkngoog_0168.png"; bbox 0 0 3200 5159; ppageno 0'>
   <div class='ocr_carea' id='block_1_1' title="bbox 365 511 1156 586">
    <p class='ocr_par' dir='ltr' id='par_1_1' title="bbox 365 511 1156 586">
     <span class='ocr_line' id='line_1_1' title="bbox 365 511 1156 586; baseline -0.006 0"><span class='ocrx_word' id='word_1_1' title='bbox 365 513 430 586; x_wconf 81' lang='lat'><strong>158</strong></span> <span class='ocrx_word' id='word_1_2' title='bbox 634 513 674 579; x_wconf 88' lang='lat' dir='ltr'><strong>C.</strong></span> <span class='ocrx_word' id='word_1_3' title='bbox 699 511 870 583; x_wconf 86' lang='lat' dir='ltr'><strong>PLINII</strong></span> <span class='ocrx_word' id='word_1_4' title='bbox 896 514 1001 583; x_wconf 82' lang='lat' dir='ltr'><strong>NAT.</strong></span> <span class='ocrx_word' id='word_1_5' title='bbox 1029 514 1156 583; x_wconf 89' lang='lat' dir='ltr'><strong>HIST.</strong></span> 
     </span>
    </p>
   </div>
   <div class='ocr_carea' id='block_1_2' title="bbox 359 630 1433 1383">
    <p class='ocr_par' dir='ltr' id='par_1_2' title="bbox 359 630 1433 1383">
     <span class='ocr_line' id='line_1_2' title="bbox 359 630 1432 739; baseline -0.002 -20"><span class='ocrx_word' id='word_1_6' title='bbox 359 646 496 720; x_wconf 88' lang='lat' dir='ltr'><strong>humaui</strong></span> <span class='ocrx_word' id='word_1_7' title='bbox 514 658 612 739; x_wconf 86' lang='lat' dir='ltr'><strong>potus</strong></span> <span class='ocrx_word' id='word_1_8' title='bbox 630 658 842 713; x_wconf 86' lang='lat' dir='ltr'><strong>excremento</strong></span> <span class='ocrx_word' id='word_1_9' title='bbox 866 674 873 715; x_wconf 93' lang='lat'><strong>:</strong></span> <span class='ocrx_word' id='word_1_10' title='bbox 896 630 1049 715; x_wconf 81' lang='lat' dir='ltr'><strong>dimidia⁵</strong></span> <span class='ocrx_word' id='word_1_11' title='bbox 1069 661 1103 715; x_wconf 91' lang='lat' dir='ltr'><strong>ct</strong></span> <span class='ocrx_word' id='word_1_12' title='bbox 1131 644 1347 715; x_wconf 79' lang='lat' dir='ltr'><strong>medicamina</strong></span> <span class='ocrx_word' id='word_1_13' title='bbox 1373 647 1432 717; x_wconf 91' lang='lat' dir='ltr'><strong>ad·</strong></span> 
     </span>
     <span class='ocr_line' id='line_1_3' title="bbox 360 736 1431 847; baseline 0 -24"><span class='ocrx_word' id='word_1_14' title='bbox 360 754 495 823; x_wconf 82' lang='lat' dir='ltr'><strong>duntur.</strong></span> <span class='ocrx_word' id='word_1_15' title='bbox 504 752 557 819; x_wconf 90' lang='lat' dir='ltr'><strong>Sic</strong></span> <span class='ocrx_word' id='word_1_16' title='bbox 567 748 870 843; x_wconf 83' lang='lat' dir='ltr'><strong>gigniturlaudetns</strong></span> <span class='ocrx_word' id='word_1_17' title='bbox 881 749 934 821; x_wconf 89' lang='lat' dir='ltr'><strong>ille</strong></span> <span class='ocrx_word' id='word_1_18' title='bbox 947 750 1052 847; x_wconf 85' lang='lat' dir='ltr'><strong>pallor</strong></span> <span class='ocrx_word' id='word_1_19' title='bbox 1062 736 1244 821; x_wconf 84' lang='lat' dir='ltr'><strong>saturitate⁶</strong></span> <span class='ocrx_word' id='word_1_20' title='bbox 1258 752 1431 840; x_wconf 85' lang='lat' dir='ltr'><strong>fraudata,</strong></span> 
     </span>
     <span class='ocr_line' id='line_1_4' title="bbox 361 851 1433 953; baseline -0.001 -24"><span class='ocrx_word' id='word_1_21' title='bbox 361 874 520 953; x_wconf 88' lang='lat' dir='ltr'><strong>tantoque</strong></span> <span class='ocrx_word' id='word_1_22' title='bbox 533 854 704 941; x_wconf 73' lang='lat' dir='ltr'><strong>dilutiort,</strong></span> <span class='ocrx_word' id='word_1_23' title='bbox 731 872 856 949; x_wconf 87' lang='lat' dir='ltr'><strong>quanto</strong></span> <span class='ocrx_word' id='word_1_24' title='bbox 875 861 979 952; x_wconf 85' lang='lat' dir='ltr'><strong>magis</strong></span> <span class='ocrx_word' id='word_1_25' title='bbox 1004 857 1124 927; x_wconf 85' lang='lat' dir='ltr'><strong>vellera</strong></span> <span class='ocrx_word' id='word_1_26' title='bbox 1154 860 1312 927; x_wconf 82' lang='lat' dir='ltr'><strong>esuriunt.</strong></span> <span class='ocrx_word' id='word_1_27' title='bbox 1338 851 1433 949; x_wconf 80' lang='lat' dir='ltr'><strong>(xc.)</strong></span> 
     </span>
     <span class='ocr_line' id='line_1_5' title="bbox 361 961 1431 1059; baseline -0.002 -24"><span class='ocrx_word' id='word_1_28' title='bbox 361 967 471 1042; x_wconf 84' lang='lat' dir='ltr'><strong>Pretio</strong></span> <span class='ocrx_word' id='word_1_29' title='bbox 490 961 730 1031; x_wconf 85' lang='lat' dir='ltr'><strong>medicamento</strong></span> <span class='ocrx_word' id='word_1_30' title='bbox 759 978 837 1032; x_wconf 89' lang='lat' dir='ltr'><strong>sunt</strong></span> <span class='ocrx_word' id='word_1_31' title='bbox 851 964 983 1059; x_wconf 91' lang='lat' dir='ltr'><strong>quidem</strong></span> <span class='ocrx_word' id='word_1_32' title='bbox 1005 990 1066 1059; x_wconf 88' lang='lat' dir='ltr'><strong>pro</strong></span> <span class='ocrx_word' id='word_1_33' title='bbox 1090 962 1257 1033; x_wconf 75' lang='lat' dir='ltr'>fertilitate</span> <span class='ocrx_word' id='word_1_34' title='bbox 1283 962 1431 1034; x_wconf 81' lang='lat' dir='ltr'>littorum</span> 
     </span>
     <span class='ocr_line' id='line_1_6' title="bbox 362 1056 1431 1165; baseline 0.001 -24"><span class='ocrx_word' id='word_1_35' title='bbox 362 1070 495 1141; x_wconf 86' lang='lat' dir='ltr'><strong>viliora:</strong></span> <span class='ocrx_word' id='word_1_36' title='bbox 515 1093 584 1137; x_wconf 93' lang='lat' dir='ltr'><strong>non</strong></span> <span class='ocrx_word' id='word_1_37' title='bbox 607 1084 718 1138; x_wconf 87' lang='lat' dir='ltr'><strong>tamen</strong></span> <span class='ocrx_word' id='word_1_38' title='bbox 736 1091 876 1162; x_wconf 82' lang='lat' dir='ltr'><strong>usquam</strong></span> <span class='ocrx_word' id='word_1_39' title='bbox 890 1068 1010 1165; x_wconf 85' lang='lat' dir='ltr'><strong>pelagii</strong></span> <span class='ocrx_word' id='word_1_40' title='bbox 1031 1085 1186 1144; x_wconf 88' lang='lat' dir='ltr'><strong>centenas</strong></span> <span class='ocrx_word' id='word_1_41' title='bbox 1207 1056 1320 1147; x_wconf 81' lang='lat' dir='ltr'><strong>libras⁸</strong></span> <span class='ocrx_word' id='word_1_42' title='bbox 1335 1073 1431 1165; x_wconf 90' lang='lat' dir='ltr'><strong>quin·</strong></span> 
     </span>
     <span class='ocr_line' id='line_1_7' title="bbox 363 1174 1432 1273; baseline -0.001 -26"><span class='ocrx_word' id='word_1_43' title='bbox 363 1200 533 1273; x_wconf 81' lang='lat' dir='ltr'><strong>quageuos</strong></span> <span class='ocrx_word' id='word_1_44' title='bbox 552 1199 707 1248; x_wconf 81' lang='lat' dir='ltr'><strong>nummos</strong></span> <span class='ocrx_word' id='word_1_45' title='bbox 723 1174 900 1263; x_wconf 82' lang='lat' dir='ltr'>excedere,</span> <span class='ocrx_word' id='word_1_46' title='bbox 925 1191 958 1245; x_wconf 91' lang='lat' dir='ltr'><strong>et</strong></span> <span class='ocrx_word' id='word_1_47' title='bbox 978 1176 1109 1257; x_wconf 87' lang='lat' dir='ltr'><strong>buccini</strong></span> <span class='ocrx_word' id='word_1_48' title='bbox 1126 1191 1297 1263; x_wconf 83' lang='lat' dir='ltr'><strong>centenos,</strong></span> <span class='ocrx_word' id='word_1_49' title='bbox 1325 1180 1432 1247; x_wconf 85' lang='lat' dir='ltr'><strong>sciant</strong></span> 
     </span>
     <span class='ocr_line' id='line_1_8' title="bbox 363 1282 893 1383; baseline -0.011 -30"><span class='ocrx_word' id='word_1_50' title='bbox 363 1286 419 1383; x_wconf 91' lang='lat' dir='ltr'><strong>qui</strong></span> <span class='ocrx_word' id='word_1_51' title='bbox 438 1284 501 1353; x_wconf 88' lang='lat' dir='ltr'><strong>ista</strong></span> <span class='ocrx_word' id='word_1_52' title='bbox 519 1294 709 1360; x_wconf 85' lang='lat' dir='ltr'><strong>mercantur</strong></span> <span class='ocrx_word' id='word_1_53' title='bbox 722 1282 893 1353; x_wconf 90' lang='lat' dir='ltr'><strong>immenso.</strong></span> 
     </span>
    </p>
   </div>
   <div class='ocr_carea' id='block_1_3' title="bbox 315 1512 1438 4205">
    <p class='ocr_par' dir='ltr' id='par_1_3' title="bbox 315 1512 1438 4205">
     <span class='ocr_line' id='line_1_9' title="bbox 364 1512 1433 1590; baseline 0.001 -18"><span class='ocrx_word' id='word_1_54' title='bbox 364 1536 424 1590; x_wconf 81' lang='lat' dir='ltr'><strong>cap.</strong></span> <span class='ocrx_word' id='word_1_55' title='bbox 441 1535 493 1581; x_wconf 84' lang='lat' dir='ltr'><strong>ro,</strong></span> <span class='ocrx_word' id='word_1_56' title='bbox 512 1514 559 1569; x_wconf 83' lang='lat' dir='ltr'><strong>eed</strong></span> <span class='ocrx_word' id='word_1_57' title='bbox 581 1528 607 1568; x_wconf 89' lang='lat' dir='ltr'><strong>et</strong></span> <span class='ocrx_word' id='word_1_58' title='bbox 626 1516 801 1587; x_wconf 67' lang='lat' dir='ltr'><strong>scriptoribus</strong></span> <span class='ocrx_word' id='word_1_59' title='bbox 820 1516 879 1569; x_wconf 83' lang='lat' dir='ltr'><strong>aliie</strong></span> <span class='ocrx_word' id='word_1_60' title='bbox 923 1512 1128 1571; x_wconf 70' lang='lat' dir='ltr'><strong>concentineum</strong></span> <span class='ocrx_word' id='word_1_61' title='bbox 1143 1518 1240 1572; x_wconf 85' lang='lat' dir='ltr'><strong>rationi</strong></span> <span class='ocrx_word' id='word_1_62' title='bbox 1253 1530 1300 1573; x_wconf 82' lang='lat' dir='ltr'><strong>eet.</strong></span> <span class='ocrx_word' id='word_1_63' title='bbox 1315 1517 1433 1583; x_wconf 81' lang='lat' dir='ltr'><strong>Quidam</strong></span> 
     </span>
     <span class='ocr_line' id='line_1_10' title="bbox 366 1594 1433 1669; baseline -0.001 -17"><span class='ocrx_word' id='word_1_64' title='bbox 366 1595 511 1652; x_wconf 77' lang='lat' dir='ltr'><strong>familiario.</strong></span> <span class='ocrx_word' id='word_1_65' title='bbox 526 1594 687 1660; x_wconf 60' lang='lat' dir='ltr'><strong>frontinus,</strong></span> <span class='ocrx_word' id='word_1_66' title='bbox 701 1594 736 1648; x_wconf 89' lang='lat' dir='ltr'><strong>de</strong></span> <span class='ocrx_word' id='word_1_67' title='bbox 749 1595 879 1649; x_wconf 74' lang='lat' dir='ltr'><strong>limitibus</strong></span> <span class='ocrx_word' id='word_1_68' title='bbox 921 1596 1050 1649; x_wconf 64' lang='grc' dir='ltr'><strong>ᾰὶίιισὺίὼι</strong></span> <span class='ocrx_word' id='word_1_69' title='bbox 1061 1597 1165 1669; x_wconf 74' lang='lat' dir='ltr'><strong>legunt,</strong></span> <span class='ocrx_word' id='word_1_70' title='bbox 1188 1596 1233 1652; x_wconf 79' lang='lat' dir='ltr'><strong>aed</strong></span> <span class='ocrx_word' id='word_1_71' title='bbox 1250 1598 1341 1651; x_wconf 80' lang='lat' dir='ltr'><strong>errore</strong></span> <span class='ocrx_word' id='word_1_72' title='bbox 1360 1596 1433 1651; x_wconf 87' lang='lat' dir='ltr'><strong>haud</strong></span> 
     </span>
     <span class='ocr_line' id='line_1_11' title="bbox 364 1674 1092 1748; baseline 0 -19"><span class='ocrx_word' id='word_1_73' title='bbox 364 1692 508 1748; x_wconf 74' lang='lat' dir='ltr'><strong>agnorum:</strong></span> <span class='ocrx_word' id='word_1_74' title='bbox 524 1701 536 1723; x_wconf 74' lang='grc' dir='ltr'><strong>ι</strong></span> <span class='ocrx_word' id='word_1_75' title='bbox 550 1677 598 1729; x_wconf 82' lang='grc' dir='ltr'><strong>Ειι</strong></span> <span class='ocrx_word' id='word_1_76' title='bbox 610 1687 638 1727; x_wconf 85' lang='lat' dir='ltr'><strong>et</strong></span> <span class='ocrx_word' id='word_1_77' title='bbox 651 1692 827 1746; x_wconf 75' lang='lat' dir='ltr'><strong>pascuorum,</strong></span> <span class='ocrx_word' id='word_1_78' title='bbox 837 1674 879 1729; x_wconf 87' lang='lat' dir='ltr'><strong>iu-</strong></span> <span class='ocrx_word' id='word_1_79' title='bbox 925 1676 987 1729; x_wconf 83' lang='lat' dir='ltr'><strong>levi.</strong></span> <span class='ocrx_word' id='word_1_80' title='bbox 1001 1678 1092 1729; x_wconf 76' lang='lat' dir='ltr'><strong>liano.</strong></span> 
     </span>
     <span class='ocr_line' id='line_1_12' title="bbox 366 1753 1434 1830; baseline 0.001 -22"><span class='ocrx_word' id='word_1_81' title='bbox 366 1758 436 1828; x_wconf 88' lang='lat' dir='ltr'><strong>quit,</strong></span> <span class='ocrx_word' id='word_1_82' title='bbox 453 1754 602 1829; x_wconf 74' lang='lat' dir='ltr'><strong>proprietas</strong></span> <span class='ocrx_word' id='word_1_83' title='bbox 617 1754 753 1826; x_wconf 80' lang='lat' dir='ltr'><strong>pertinens</strong></span> <span class='ocrx_word' id='word_1_84' title='bbox 767 1753 802 1807; x_wconf 80' lang='lat' dir='ltr'><strong>ed</strong></span> <span class='ocrx_word' id='word_1_85' title='bbox 818 1754 879 1807; x_wconf 83' lang='lat' dir='ltr'><strong>lun·</strong></span> <span class='ocrx_word' id='word_1_86' title='bbox 963 1756 1056 1810; x_wconf 62' lang='lat' dir='ltr'><strong>&amp;Non</strong></span> <span class='ocrx_word' id='word_1_87' title='bbox 1064 1769 1141 1808; x_wconf 83' lang='lat' dir='ltr'><strong>tamen</strong></span> <span class='ocrx_word' id='word_1_88' title='bbox 1148 1776 1245 1830; x_wconf 77' lang='lat' dir='ltr'><strong>nsquam</strong></span> <span class='ocrx_word' id='word_1_89' title='bbox 1249 1758 1345 1827; x_wconf 72' lang='lat' dir='ltr'><strong>pelagii</strong></span> <span class='ocrx_word' id='word_1_90' title='bbox 1349 1757 1434 1822; x_wconf 77' lang='lat' dir='ltr'><strong>libius,</strong></span> 
     </span>
     <span class='ocr_line' id='line_1_13' title="bbox 366 1832 1436 1909; baseline -0.002 -18"><span class='ocrx_word' id='word_1_91' title='bbox 366 1835 477 1900; x_wconf 66' lang='lat' dir='ltr'><strong>doneed</strong></span> <span class='ocrx_word' id='word_1_92' title='bbox 487 1836 516 1887; x_wconf 93' lang='lat' dir='ltr'><strong>in</strong></span> <span class='ocrx_word' id='word_1_93' title='bbox 522 1844 797 1905; x_wconf 74' lang='lat' dir='ltr'><strong>communetpropter</strong></span> <span class='ocrx_word' id='word_1_94' title='bbox 806 1832 880 1905; x_wconf 90' lang='lat' dir='ltr'><strong>quod</strong></span> <span class='ocrx_word' id='word_1_95' title='bbox 923 1846 972 1888; x_wconf 87' lang='lat' dir='ltr'><strong>etc.</strong></span> <span class='ocrx_word' id='word_1_96' title='bbox 983 1835 1100 1906; x_wconf 83' lang='lat' dir='ltr'><strong>Legend.</strong></span> <span class='ocrx_word' id='word_1_97' title='bbox 1113 1836 1170 1889; x_wconf 85' lang='lat' dir='ltr'><strong>Non</strong></span> <span class='ocrx_word' id='word_1_98' title='bbox 1184 1848 1262 1889; x_wconf 79' lang='lat' dir='ltr'><strong>tamen</strong></span> <span class='ocrx_word' id='word_1_99' title='bbox 1278 1856 1374 1909; x_wconf 83' lang='lat' dir='ltr'><strong>nsquam</strong></span> <span class='ocrx_word' id='word_1_100' title='bbox 1384 1838 1436 1889; x_wconf 86' lang='lat' dir='ltr'><strong>Pe·</strong></span> 
     </span>
     <span class='ocr_line' id='line_1_14' title="bbox 368 1913 1434 1989; baseline -0.003 -19"><span class='ocrx_word' id='word_1_101' title='bbox 368 1934 398 1970; x_wconf 79' lang='lat' dir='ltr'><strong>ea</strong></span> <span class='ocrx_word' id='word_1_102' title='bbox 410 1932 567 1986; x_wconf 72' lang='lat' dir='ltr'><strong>compascua</strong></span> <span class='ocrx_word' id='word_1_103' title='bbox 583 1914 673 1966; x_wconf 79' lang='lat' dir='ltr'><strong>multis</strong></span> <span class='ocrx_word' id='word_1_104' title='bbox 685 1913 750 1966; x_wconf 71' lang='lat' dir='ltr'><strong>locis</strong></span> <span class='ocrx_word' id='word_1_105' title='bbox 761 1914 790 1965; x_wconf 91' lang='lat' dir='ltr'><strong>in</strong></span> <span class='ocrx_word' id='word_1_106' title='bbox 804 1913 879 1967; x_wconf 82' lang='lat' dir='ltr'><strong>Italia</strong></span> <span class='ocrx_word' id='word_1_107' title='bbox 923 1915 986 1985; x_wconf 76' lang='lat' dir='ltr'><strong>legii</strong></span> <span class='ocrx_word' id='word_1_108' title='bbox 999 1928 1059 1966; x_wconf 82' lang='lat' dir='ltr'><strong>cent.</strong></span> <span class='ocrx_word' id='word_1_109' title='bbox 1076 1916 1150 1967; x_wconf 65' lang='lat' dir='ltr'><strong>tebras</strong></span> <span class='ocrx_word' id='word_1_110' title='bbox 1165 1920 1307 1989; x_wconf 79' lang='lat' dir='ltr'><strong>quingentos</strong></span> <span class='ocrx_word' id='word_1_111' title='bbox 1325 1934 1434 1969; x_wconf 81' lang='lat' dir='ltr'><strong>nummos</strong></span> 
     </span>
     <span class='ocr_line' id='line_1_15' title="bbox 367 1990 1433 2065; baseline -0.004 -16"><span class='ocrx_word' id='word_1_112' title='bbox 367 1994 692 2065; x_wconf 81' lang='lat' dir='ltr'><strong>communiaappellnntur</strong></span> <span class='ocrx_word' id='word_1_113' title='bbox 702 2011 708 2044; x_wconf 95' lang='lat'>:</span> <span class='ocrx_word' id='word_1_114' title='bbox 720 1990 879 2061; x_wconf 79' lang='lat' dir='ltr'><strong>quibusdam</strong></span> <span class='ocrx_word' id='word_1_115' title='bbox 922 1995 1048 2059; x_wconf 72' lang='lat' dir='ltr'><strong>excedere,</strong></span> <span class='ocrx_word' id='word_1_116' title='bbox 1064 2005 1089 2045; x_wconf 79' lang='lat' dir='ltr'><strong>et</strong></span> <span class='ocrx_word' id='word_1_117' title='bbox 1102 1995 1194 2047; x_wconf 77' lang='lat' dir='ltr'><strong>baccini</strong></span> <span class='ocrx_word' id='word_1_118' title='bbox 1213 2009 1321 2048; x_wconf 82' lang='lat' dir='ltr'><strong>centenos</strong></span> <span class='ocrx_word' id='word_1_119' title='bbox 1335 2000 1433 2056; x_wconf 81' lang='lat' dir='ltr'><strong>sciant,</strong></span> 
     </span>
     <span class='ocr_line' id='line_1_16' title="bbox 368 2070 1434 2147; baseline -0.001 -21"><span class='ocrx_word' id='word_1_120' title='bbox 368 2074 528 2147; x_wconf 76' lang='lat' dir='ltr'><strong>provinciis,</strong></span> <span class='ocrx_word' id='word_1_121' title='bbox 555 2091 607 2143; x_wconf 85' lang='lat' dir='ltr'><strong>pro</strong></span> <span class='ocrx_word' id='word_1_122' title='bbox 626 2070 778 2124; x_wconf 76' lang='lat' dir='ltr'><strong>indiviso.»</strong></span> <span class='ocrx_word' id='word_1_123' title='bbox 809 2070 879 2123; x_wconf 83' lang='lat' dir='ltr'><strong>Prae·</strong></span> <span class='ocrx_word' id='word_1_124' title='bbox 923 2078 1019 2144; x_wconf 82' lang='lat' dir='ltr'><strong>quiista</strong></span> <span class='ocrx_word' id='word_1_125' title='bbox 1032 2074 1434 2130; x_wconf 74' lang='lat' dir='ltr'><strong>mercanturimmeneo.Centenae</strong></span> 
     </span>
     <span class='ocr_line' id='line_1_17' title="bbox 368 2148 1434 2225; baseline -0.001 -18"><span class='ocrx_word' id='word_1_126' title='bbox 368 2168 509 2224; x_wconf 77' lang='lat' dir='ltr'><strong>ternaque,</strong></span> <span class='ocrx_word' id='word_1_127' title='bbox 528 2152 632 2223; x_wconf 88' lang='lat' dir='ltr'><strong>inquit,</strong></span> <span class='ocrx_word' id='word_1_128' title='bbox 652 2151 775 2203; x_wconf 86' lang='lat' dir='ltr'><strong>eoetiam</strong></span> <span class='ocrx_word' id='word_1_129' title='bbox 789 2148 880 2204; x_wconf 73' lang='lat' dir='ltr'><strong>&lt;littere</strong></span> <span class='ocrx_word' id='word_1_130' title='bbox 922 2152 997 2205; x_wconf 83' lang='lat' dir='ltr'><strong>librae</strong></span> <span class='ocrx_word' id='word_1_131' title='bbox 1017 2153 1113 2224; x_wconf 74' lang='lat' dir='ltr'><strong>pelagii</strong></span> <span class='ocrx_word' id='word_1_132' title='bbox 1137 2154 1288 2225; x_wconf 77' lang='lat' dir='ltr'><strong>quingentis</strong></span> <span class='ocrx_word' id='word_1_133' title='bbox 1317 2155 1434 2207; x_wconf 79' lang='lat' dir='ltr'><strong>nummio</strong></span> 
     </span>
     <span class='ocr_line' id='line_1_18' title="bbox 368 2228 1436 2305; baseline -0.001 -19"><span class='ocrx_word' id='word_1_134' title='bbox 368 2252 383 2286; x_wconf 87' lang='lat' dir='ltr'><strong>a</strong></span> <span class='ocrx_word' id='word_1_135' title='bbox 400 2250 527 2305; x_wconf 75' lang='lat' dir='ltr'><strong>purpurae</strong></span> <span class='ocrx_word' id='word_1_136' title='bbox 540 2228 725 2294; x_wconf 77' lang='lat' dir='ltr'><strong>coniectione,</strong></span> <span class='ocrx_word' id='word_1_137' title='bbox 735 2228 879 2281; x_wconf 84' lang='lat' dir='ltr'><strong>confleien·</strong></span> <span class='ocrx_word' id='word_1_138' title='bbox 923 2232 1067 2284; x_wconf 76' lang='lat' dir='ltr'><strong>venibant:</strong></span> <span class='ocrx_word' id='word_1_139' title='bbox 1085 2244 1110 2284; x_wconf 83' lang='lat' dir='ltr'><strong>nt</strong></span> <span class='ocrx_word' id='word_1_140' title='bbox 1124 2232 1266 2285; x_wconf 90' lang='lat' dir='ltr'><strong>buccinum</strong></span> <span class='ocrx_word' id='word_1_141' title='bbox 1280 2234 1359 2305; x_wconf 82' lang='lat' dir='ltr'><strong>longe</strong></span> <span class='ocrx_word' id='word_1_142' title='bbox 1373 2253 1436 2305; x_wconf 68' lang='lat' dir='ltr'><strong>pun</strong></span> 
     </span>
     <span class='ocr_line' id='line_1_19' title="bbox 366 2308 1436 2383; baseline -0.003 -16"><span class='ocrx_word' id='word_1_143' title='bbox 366 2312 395 2366; x_wconf 92' lang='lat' dir='ltr'><strong>di</strong></span> <span class='ocrx_word' id='word_1_144' title='bbox 414 2310 547 2382; x_wconf 81' lang='lat' dir='ltr'><strong>conchylii</strong></span> <span class='ocrx_word' id='word_1_145' title='bbox 558 2310 641 2373; x_wconf 85' lang='lat' dir='ltr'><strong>ratio,</strong></span> <span class='ocrx_word' id='word_1_146' title='bbox 659 2328 706 2361; x_wconf 82' lang='lat' dir='ltr'><strong>eeu</strong></span> <span class='ocrx_word' id='word_1_147' title='bbox 719 2309 879 2380; x_wconf 73' lang='lat' dir='ltr'><strong>conchyliati</strong></span> <span class='ocrx_word' id='word_1_148' title='bbox 923 2308 989 2382; x_wconf 86' lang='lat' dir='ltr'><strong>pura</strong></span> <span class='ocrx_word' id='word_1_149' title='bbox 998 2312 1087 2363; x_wconf 69' lang='lat' dir='ltr'><strong>vilius.</strong></span> <span class='ocrx_word' id='word_1_150' title='bbox 1096 2309 1160 2363; x_wconf 93' lang='lat' dir='ltr'><strong>Ideo</strong></span> <span class='ocrx_word' id='word_1_151' title='bbox 1169 2316 1349 2383; x_wconf 82' lang='lat' dir='ltr'><strong>centenaeejua</strong></span> <span class='ocrx_word' id='word_1_152' title='bbox 1359 2314 1436 2366; x_wconf 76' lang='lat' dir='ltr'><strong>librae</strong></span> 
     </span>
     <span class='ocr_line' id='line_1_20' title="bbox 366 2388 1435 2464; baseline -0.001 -18"><span class='ocrx_word' id='word_1_153' title='bbox 366 2392 484 2447; x_wconf 80' lang='lat' dir='ltr'><strong>coloelea</strong></span> <span class='ocrx_word' id='word_1_154' title='bbox 501 2388 575 2464; x_wconf 84' lang='lat' dir='ltr'><strong>qood</strong></span> <span class='ocrx_word' id='word_1_155' title='bbox 589 2388 711 2444; x_wconf 76' lang='lat' dir='ltr'><strong>decoctio</strong></span> <span class='ocrx_word' id='word_1_156' title='bbox 726 2406 879 2459; x_wconf 73' lang='lat' dir='ltr'><strong>corpusque</strong></span> <span class='ocrx_word' id='word_1_157' title='bbox 922 2390 1159 2443; x_wconf 84' lang='lat' dir='ltr'><strong>centenienummis</strong></span> <span class='ocrx_word' id='word_1_158' title='bbox 1165 2389 1304 2445; x_wconf 74' lang='lat' dir='ltr'><strong>debentem.</strong></span> <span class='ocrx_word' id='word_1_159' title='bbox 1312 2392 1435 2445; x_wconf 72' lang='lat' dir='ltr'><strong>Siclibrm</strong></span> 
     </span>
     <span class='ocr_line' id='line_1_21' title="bbox 366 2469 1434 2541; baseline -0.002 -16"><span class='ocrx_word' id='word_1_160' title='bbox 366 2469 576 2525; x_wconf 85' lang='lat' dir='ltr'><strong>medicaminum</strong></span> <span class='ocrx_word' id='word_1_161' title='bbox 586 2471 643 2539; x_wconf 83' lang='lat' dir='ltr'><strong>ejue</strong></span> <span class='ocrx_word' id='word_1_162' title='bbox 656 2479 828 2537; x_wconf 86' lang='lat' dir='ltr'><strong>temperetur,</strong></span> <span class='ocrx_word' id='word_1_163' title='bbox 838 2486 879 2520; x_wconf 80' lang='lat' dir='ltr'><strong>ee·</strong></span> <span class='ocrx_word' id='word_1_164' title='bbox 922 2470 1032 2541; x_wconf 74' lang='lat' dir='ltr'><strong>singule</strong></span> <span class='ocrx_word' id='word_1_165' title='bbox 1051 2469 1146 2540; x_wconf 77' lang='lat' dir='ltr'><strong>pelagii</strong></span> <span class='ocrx_word' id='word_1_166' title='bbox 1160 2472 1278 2541; x_wconf 89' lang='lat' dir='ltr'><strong>quinque</strong></span> <span class='ocrx_word' id='word_1_167' title='bbox 1301 2472 1434 2536; x_wconf 85' lang='lat' dir='ltr'><strong>nummis,</strong></span> 
     </span>
     <span class='ocr_line' id='line_1_22' title="bbox 367 2548 1433 2624; baseline -0.002 -19"><span class='ocrx_word' id='word_1_168' title='bbox 367 2562 504 2621; x_wconf 72' lang='lat' dir='ltr'><strong>canatque</strong></span> <span class='ocrx_word' id='word_1_169' title='bbox 519 2548 547 2600; x_wconf 91' lang='lat' dir='ltr'><strong>in</strong></span> <span class='ocrx_word' id='word_1_170' title='bbox 565 2566 683 2624; x_wconf 80' lang='lat' dir='ltr'><strong>purpure</strong></span> <span class='ocrx_word' id='word_1_171' title='bbox 703 2559 879 2600; x_wconf 80' lang='lat' dir='ltr'><strong>monetretum</strong></span> <span class='ocrx_word' id='word_1_172' title='bbox 922 2550 1028 2602; x_wconf 89' lang='lat' dir='ltr'><strong>buccini</strong></span> <span class='ocrx_word' id='word_1_173' title='bbox 1038 2566 1149 2601; x_wconf 89' lang='lat' dir='ltr'><strong>nummo</strong></span> <span class='ocrx_word' id='word_1_174' title='bbox 1158 2568 1212 2603; x_wconf 91' lang='lat' dir='ltr'><strong>uno</strong></span> <span class='ocrx_word' id='word_1_175' title='bbox 1223 2551 1433 2620; x_wconf 77' lang='lat' dir='ltr'><strong>exponebantur.</strong></span> 
     </span>
     <span class='ocr_line' id='line_1_23' title="bbox 368 2626 1435 2700; baseline -0.001 -17"><span class='ocrx_word' id='word_1_176' title='bbox 368 2643 425 2692; x_wconf 79' lang='lat' dir='ltr'><strong>est,</strong></span> <span class='ocrx_word' id='word_1_177' title='bbox 449 2628 517 2700; x_wconf 84' lang='lat' dir='ltr'><strong>a&#39;qua</strong></span> <span class='ocrx_word' id='word_1_178' title='bbox 542 2640 568 2679; x_wconf 89' lang='lat' dir='ltr'><strong>et</strong></span> <span class='ocrx_word' id='word_1_179' title='bbox 589 2628 706 2679; x_wconf 82' lang='lat' dir='ltr'><strong>humano</strong></span> <span class='ocrx_word' id='word_1_180' title='bbox 721 2626 805 2690; x_wconf 86' lang='lat' dir='ltr'><strong>lotio,</strong></span> <span class='ocrx_word' id='word_1_181' title='bbox 829 2644 879 2699; x_wconf 82' lang='lat' dir='ltr'><strong>pro</strong></span> <span class='ocrx_word' id='word_1_182' title='bbox 923 2630 1062 2699; x_wconf 84' lang='lat' dir='ltr'><strong>Sequentia</strong></span> <span class='ocrx_word' id='word_1_183' title='bbox 1073 2629 1110 2682; x_wconf 83' lang='lat' dir='ltr'><strong>eie</strong></span> <span class='ocrx_word' id='word_1_184' title='bbox 1122 2629 1197 2699; x_wconf 79' lang='lat' dir='ltr'><strong>lege:</strong></span> <span class='ocrx_word' id='word_1_185' title='bbox 1213 2628 1285 2682; x_wconf 75' lang='lat' dir='ltr'><strong>-sed</strong></span> <span class='ocrx_word' id='word_1_186' title='bbox 1297 2626 1435 2683; x_wconf 84' lang='lat' dir='ltr'><strong>aliaeliue</strong></span> 
     </span>
     <span class='ocr_line' id='line_1_24' title="bbox 367 2706 1435 2781; baseline -0.002 -18"><span class='ocrx_word' id='word_1_187' title='bbox 367 2708 499 2771; x_wconf 72' lang='lat' dir='ltr'><strong>indiviso,</strong></span> <span class='ocrx_word' id='word_1_188' title='bbox 516 2707 569 2759; x_wconf 90' lang='lat' dir='ltr'><strong>boo</strong></span> <span class='ocrx_word' id='word_1_189' title='bbox 580 2720 630 2765; x_wconf 83' lang='lat' dir='ltr'><strong>eet,</strong></span> <span class='ocrx_word' id='word_1_190' title='bbox 645 2706 726 2777; x_wconf 77' lang='lat' dir='ltr'><strong>requie</strong></span> <span class='ocrx_word' id='word_1_191' title='bbox 742 2706 879 2777; x_wconf 73' lang='lat' dir='ltr'><strong>utriusque</strong></span> <span class='ocrx_word' id='word_1_192' title='bbox 922 2708 1011 2773; x_wconf 87' lang='lat' dir='ltr'><strong>initia,</strong></span> <span class='ocrx_word' id='word_1_193' title='bbox 1028 2711 1153 2779; x_wconf 83' lang='lat' dir='ltr'><strong>juvetque</strong></span> <span class='ocrx_word' id='word_1_194' title='bbox 1172 2706 1265 2761; x_wconf 86' lang='lat' dir='ltr'><strong>ludere</strong></span> <span class='ocrx_word' id='word_1_195' title='bbox 1283 2708 1435 2781; x_wconf 90' lang='lat' dir='ltr'><strong>impendio,</strong></span> 
     </span>
     <span class='ocr_line' id='line_1_25' title="bbox 367 2784 1437 2861; baseline 0 -20"><span class='ocrx_word' id='word_1_196' title='bbox 367 2787 537 2861; x_wconf 72' lang='lat' dir='ltr'><strong>portionibus</strong></span> <span class='ocrx_word' id='word_1_197' title='bbox 547 2784 686 2849; x_wconf 79' lang='lat' dir='ltr'><strong>adhibitio,</strong></span> <span class='ocrx_word' id='word_1_198' title='bbox 700 2785 828 2855; x_wconf 86' lang='lat' dir='ltr'><strong>nulloque</strong></span> <span class='ocrx_word' id='word_1_199' title='bbox 841 2786 881 2836; x_wconf 91' lang='lat' dir='ltr'><strong>in·</strong></span> <span class='ocrx_word' id='word_1_200' title='bbox 922 2798 949 2839; x_wconf 87' lang='lat' dir='ltr'><strong>et</strong></span> <span class='ocrx_word' id='word_1_201' title='bbox 961 2788 1038 2840; x_wconf 81' lang='lat' dir='ltr'><strong>luxua</strong></span> <span class='ocrx_word' id='word_1_202' title='bbox 1047 2788 1181 2858; x_wconf 82' lang='lat' dir='ltr'><strong>geminare</strong></span> <span class='ocrx_word' id='word_1_203' title='bbox 1190 2786 1325 2842; x_wconf 75' lang='lat' dir='ltr'><strong>miscendo</strong></span> <span class='ocrx_word' id='word_1_204' title='bbox 1332 2800 1437 2842; x_wconf 80' lang='lat' dir='ltr'><strong>utrum-</strong></span> 
     </span>
     <span class='ocr_line' id='line_1_26' title="bbox 369 2862 1436 2937; baseline 0 -16"><span class='ocrx_word' id='word_1_205' title='bbox 369 2884 408 2922; x_wconf 81' lang='lat' dir='ltr'><strong>ter</strong></span> <span class='ocrx_word' id='word_1_206' title='bbox 420 2867 479 2920; x_wconf 84' lang='lat' dir='ltr'><strong>lotii</strong></span> <span class='ocrx_word' id='word_1_207' title='bbox 495 2878 521 2918; x_wconf 92' lang='lat' dir='ltr'><strong>et</strong></span> <span class='ocrx_word' id='word_1_208' title='bbox 535 2878 611 2937; x_wconf 76' lang='lat' dir='ltr'><strong>equa</strong></span> <span class='ocrx_word' id='word_1_209' title='bbox 624 2862 733 2917; x_wconf 87' lang='lat' dir='ltr'><strong>modum</strong></span> <span class='ocrx_word' id='word_1_210' title='bbox 747 2863 879 2917; x_wconf 81' lang='lat' dir='ltr'><strong>diecrimi·</strong></span> <span class='ocrx_word' id='word_1_211' title='bbox 923 2884 987 2937; x_wconf 88' lang='lat' dir='ltr'><strong>que,</strong></span> <span class='ocrx_word' id='word_1_212' title='bbox 1009 2880 1035 2920; x_wconf 89' lang='lat' dir='ltr'><strong>et</strong></span> <span class='ocrx_word' id='word_1_213' title='bbox 1058 2868 1113 2937; x_wconf 74' lang='lat' dir='ltr'><strong>ipra</strong></span> <span class='ocrx_word' id='word_1_214' title='bbox 1133 2866 1283 2920; x_wconf 80' lang='lat' dir='ltr'><strong>adulterare</strong></span> <span class='ocrx_word' id='word_1_215' title='bbox 1307 2868 1436 2921; x_wconf 81' lang='lat' dir='ltr'><strong>adulteria</strong></span> 
     </span>
     <span class='ocr_line' id='line_1_27' title="bbox 369 2946 1435 3017; baseline -0.001 -16"><span class='ocrx_word' id='word_1_216' title='bbox 369 2968 412 3001; x_wconf 90' lang='lat' dir='ltr'><strong>ne.</strong></span> <span class='ocrx_word' id='word_1_217' title='bbox 423 2946 513 2998; x_wconf 65' lang='lat' dir='ltr'><strong>neno.</strong></span> <span class='ocrx_word' id='word_1_218' title='bbox 923 2958 1032 2999; x_wconf 73' lang='lat' dir='ltr'><strong>natura.</strong></span> <span class='ocrx_word' id='word_1_219' title='bbox 1048 2972 1059 2994; x_wconf 80' lang='grc' dir='ltr'><strong>ι</strong></span> <span class='ocrx_word' id='word_1_220' title='bbox 1079 2946 1196 2999; x_wconf 72' lang='lat' dir='ltr'><strong>Santrae.</strong></span> <span class='ocrx_word' id='word_1_221' title='bbox 1214 2966 1275 3017; x_wconf 78' lang='lat' dir='ltr'><strong>pag.</strong></span> <span class='ocrx_word' id='word_1_222' title='bbox 1296 2946 1379 3000; x_wconf 77' lang='grc' dir='ltr'><strong>ιι3ι.</strong></span> <span class='ocrx_word' id='word_1_223' title='bbox 1395 2976 1435 2987; x_wconf 52' lang='grc' dir='ltr'><strong>υ·-</strong></span> 
     </span>
     <span class='ocr_line' id='line_1_28' title="bbox 410 3022 1436 3098; baseline 0.003 -22"><span class='ocrx_word' id='word_1_224' title='bbox 410 3028 437 3081; x_wconf 83' lang='grc'><strong>5.</strong></span> <span class='ocrx_word' id='word_1_225' title='bbox 451 3023 636 3086; x_wconf 78' lang='lat' dir='ltr'><strong>Dimidia,etc.</strong></span> <span class='ocrx_word' id='word_1_226' title='bbox 649 3022 783 3075; x_wconf 84' lang='lat' dir='ltr'><strong>Sententia</strong></span> <span class='ocrx_word' id='word_1_227' title='bbox 792 3033 843 3082; x_wconf 80' lang='lat' dir='ltr'><strong>est,</strong></span> <span class='ocrx_word' id='word_1_228' title='bbox 859 3022 879 3073; x_wconf 85' lang='lat' dir='ltr'><strong>ei</strong></span> <span class='ocrx_word' id='word_1_229' title='bbox 924 3026 1031 3095; x_wconf 75' lang='lat' dir='ltr'><strong>Pelagii.</strong></span> <span class='ocrx_word' id='word_1_230' title='bbox 1058 3026 1115 3078; x_wconf 82' lang='lat' dir='ltr'><strong>lloe</strong></span> <span class='ocrx_word' id='word_1_231' title='bbox 1135 3036 1186 3090; x_wconf 82' lang='lat' dir='ltr'><strong>cst,</strong></span> <span class='ocrx_word' id='word_1_232' title='bbox 1205 3026 1305 3078; x_wconf 81' lang='lat' dir='ltr'><strong>Lanam</strong></span> <span class='ocrx_word' id='word_1_233' title='bbox 1324 3026 1436 3098; x_wconf 74' lang='lat' dir='ltr'><strong>pelagio</strong></span> 
     </span>
     <span class='ocr_line' id='line_1_29' title="bbox 368 3101 1436 3176; baseline -0.003 -16"><span class='ocrx_word' id='word_1_234' title='bbox 368 3109 397 3161; x_wconf 91' lang='lat' dir='ltr'><strong>in</strong></span> <span class='ocrx_word' id='word_1_235' title='bbox 417 3103 645 3159; x_wconf 70' lang='lat' dir='ltr'><strong>librasvellerum</strong></span> <span class='ocrx_word' id='word_1_236' title='bbox 666 3101 881 3172; x_wconf 74' lang='lat' dir='ltr'><strong>qninquaginta,</strong></span> <span class='ocrx_word' id='word_1_237' title='bbox 926 3122 1050 3176; x_wconf 70' lang='lat' dir='ltr'><strong>purpurae</strong></span> <span class='ocrx_word' id='word_1_238' title='bbox 1076 3104 1190 3157; x_wconf 83' lang='lat' dir='ltr'><strong>tinctura</strong></span> <span class='ocrx_word' id='word_1_239' title='bbox 1213 3105 1336 3157; x_wconf 81' lang='lat' dir='ltr'><strong>inlectam</strong></span> <span class='ocrx_word' id='word_1_240' title='bbox 1359 3105 1436 3157; x_wconf 75' lang='lat' dir='ltr'><strong>bbrm</strong></span> 
     </span>
     <span class='ocr_line' id='line_1_30' title="bbox 367 3181 1438 3255; baseline -0.001 -16"><span class='ocrx_word' id='word_1_241' title='bbox 367 3186 478 3239; x_wconf 76' lang='lat' dir='ltr'><strong>&#39;elucente</strong></span> <span class='ocrx_word' id='word_1_242' title='bbox 491 3181 613 3243; x_wconf 88' lang='lat' dir='ltr'><strong>buccini,</strong></span> <span class='ocrx_word' id='word_1_243' title='bbox 624 3181 733 3251; x_wconf 74' lang='lat' dir='ltr'><strong>pelagiae</strong></span> <span class='ocrx_word' id='word_1_244' title='bbox 742 3198 807 3232; x_wconf 83' lang='lat' dir='ltr'><strong>vero</strong></span> <span class='ocrx_word' id='word_1_245' title='bbox 816 3199 881 3251; x_wconf 86' lang='lat' dir='ltr'><strong>pur·</strong></span> <span class='ocrx_word' id='word_1_246' title='bbox 924 3183 1015 3255; x_wconf 87' lang='lat' dir='ltr'><strong>pondo</strong></span> <span class='ocrx_word' id='word_1_247' title='bbox 1025 3201 1154 3254; x_wconf 76' lang='lat' dir='ltr'><strong>nusquam</strong></span> <span class='ocrx_word' id='word_1_248' title='bbox 1162 3181 1295 3237; x_wconf 80' lang='lat' dir='ltr'><strong>excedere.</strong></span> <span class='ocrx_word' id='word_1_249' title='bbox 1304 3184 1367 3237; x_wconf 82' lang='lat' dir='ltr'><strong>Meo</strong></span> <span class='ocrx_word' id='word_1_250' title='bbox 1377 3185 1438 3255; x_wconf 88' lang='lat' dir='ltr'><strong>qui·</strong></span> 
     </span>
     <span class='ocr_line' id='line_1_31' title="bbox 370 3259 1436 3337; baseline 0 -20"><span class='ocrx_word' id='word_1_251' title='bbox 370 3282 456 3337; x_wconf 74' lang='lat' dir='ltr'><strong>purte,</strong></span> <span class='ocrx_word' id='word_1_252' title='bbox 468 3260 651 3315; x_wconf 73' lang='lat' dir='ltr'><strong>medicaminis</strong></span> <span class='ocrx_word' id='word_1_253' title='bbox 659 3259 882 3330; x_wconf 77' lang='lat' dir='ltr'><strong>libraereqnirun·</strong></span> <span class='ocrx_word' id='word_1_254' title='bbox 924 3262 986 3315; x_wconf 89' lang='lat' dir='ltr'><strong>dem</strong></span> <span class='ocrx_word' id='word_1_255' title='bbox 998 3264 1088 3315; x_wconf 88' lang='lat' dir='ltr'><strong>animo</strong></span> <span class='ocrx_word' id='word_1_256' title='bbox 1097 3263 1153 3315; x_wconf 73' lang='lat' dir='ltr'><strong>haec</strong></span> <span class='ocrx_word' id='word_1_257' title='bbox 1161 3263 1378 3329; x_wconf 81' lang='lat' dir='ltr'><strong>menePliniieet;</strong></span> <span class='ocrx_word' id='word_1_258' title='bbox 1386 3265 1436 3317; x_wconf 89' lang='lat' dir='ltr'><strong>Pe·</strong></span> 
     </span>
     <span class='ocr_line' id='line_1_32' title="bbox 371 3338 1437 3413; baseline -0.003 -15"><span class='ocrx_word' id='word_1_259' title='bbox 371 3359 415 3398; x_wconf 86' lang='lat' dir='ltr'><strong>tur</strong></span> <span class='ocrx_word' id='word_1_260' title='bbox 429 3356 537 3396; x_wconf 88' lang='lat' dir='ltr'><strong>centum</strong></span> <span class='ocrx_word' id='word_1_261' title='bbox 558 3353 587 3393; x_wconf 89' lang='lat' dir='ltr'><strong>et</strong></span> <span class='ocrx_word' id='word_1_262' title='bbox 605 3338 720 3401; x_wconf 74' lang='lat' dir='ltr'><strong>decern,</strong></span> <span class='ocrx_word' id='word_1_263' title='bbox 730 3352 761 3391; x_wconf 87' lang='lat' dir='ltr'><strong>ut</strong></span> <span class='ocrx_word' id='word_1_264' title='bbox 779 3338 880 3391; x_wconf 90' lang='lat' dir='ltr'><strong>dictum</strong></span> <span class='ocrx_word' id='word_1_265' title='bbox 924 3342 986 3411; x_wconf 80' lang='lat' dir='ltr'><strong>lngii</strong></span> <span class='ocrx_word' id='word_1_266' title='bbox 1000 3360 1045 3393; x_wconf 84' lang='lat' dir='ltr'><strong>seu</strong></span> <span class='ocrx_word' id='word_1_267' title='bbox 1055 3360 1182 3413; x_wconf 73' lang='lat' dir='ltr'><strong>purpurae</strong></span> <span class='ocrx_word' id='word_1_268' title='bbox 1188 3341 1379 3406; x_wconf 81' lang='lat' dir='ltr'><strong>medicaminis,</strong></span> <span class='ocrx_word' id='word_1_269' title='bbox 1389 3362 1437 3395; x_wconf 81' lang='lat' dir='ltr'><strong>eeu</strong></span> 
     </span>
     <span class='ocr_line' id='line_1_33' title="bbox 370 3417 1436 3493; baseline -0.002 -17"><span class='ocrx_word' id='word_1_270' title='bbox 370 3437 409 3477; x_wconf 85' lang='lat' dir='ltr'><strong>eet</strong></span> <span class='ocrx_word' id='word_1_271' title='bbox 420 3442 477 3493; x_wconf 87' lang='lat' dir='ltr'><strong>cap.</strong></span> <span class='ocrx_word' id='word_1_272' title='bbox 490 3424 526 3473; x_wconf 72' lang='lat'><strong>62</strong></span> <span class='ocrx_word' id='word_1_273' title='bbox 537 3459 545 3485; x_wconf 91' lang='lat'><strong><em>‚</em></strong></span> <span class='ocrx_word' id='word_1_274' title='bbox 556 3418 697 3475; x_wconf 85' lang='lat' dir='ltr'><strong>addiuunc</strong></span> <span class='ocrx_word' id='word_1_275' title='bbox 711 3417 881 3471; x_wconf 86' lang='lat' dir='ltr'><strong>dimidiatum</strong></span> <span class='ocrx_word' id='word_1_276' title='bbox 926 3420 996 3473; x_wconf 74' lang='lat' dir='ltr'><strong>succi</strong></span> <span class='ocrx_word' id='word_1_277' title='bbox 1011 3419 1091 3472; x_wconf 83' lang='lat' dir='ltr'><strong>libras</strong></span> <span class='ocrx_word' id='word_1_278' title='bbox 1105 3439 1160 3473; x_wconf 88' lang='lat' dir='ltr'><strong>non</strong></span> <span class='ocrx_word' id='word_1_279' title='bbox 1175 3420 1257 3492; x_wconf 80' lang='lat' dir='ltr'><strong>pluris</strong></span> <span class='ocrx_word' id='word_1_280' title='bbox 1268 3420 1436 3493; x_wconf 81' lang='lat' dir='ltr'><strong>quinquage-</strong></span> 
     </span>
     <span class='ocr_line' id='line_1_34' title="bbox 371 3498 1438 3569; baseline -0.003 -13"><span class='ocrx_word' id='word_1_281' title='bbox 371 3502 459 3556; x_wconf 81' lang='lat' dir='ltr'><strong>edbuc</strong></span> <span class='ocrx_word' id='word_1_282' title='bbox 477 3498 584 3569; x_wconf 80' lang='lat' dir='ltr'><strong>pondua</strong></span> <span class='ocrx_word' id='word_1_283' title='bbox 604 3512 744 3568; x_wconf 83' lang='lat' dir='ltr'><strong>oportere,</strong></span> <span class='ocrx_word' id='word_1_284' title='bbox 764 3498 882 3568; x_wconf 89' lang='lat' dir='ltr'><strong>quinque</strong></span> <span class='ocrx_word' id='word_1_285' title='bbox 925 3502 980 3561; x_wconf 82' lang='lat' dir='ltr'><strong>nie,</strong></span> <span class='ocrx_word' id='word_1_286' title='bbox 994 3500 1099 3553; x_wconf 88' lang='lat' dir='ltr'><strong>baccini</strong></span> <span class='ocrx_word' id='word_1_287' title='bbox 1107 3518 1170 3551; x_wconf 77' lang='lat' dir='ltr'><strong>vero</strong></span> <span class='ocrx_word' id='word_1_288' title='bbox 1181 3501 1299 3553; x_wconf 83' lang='lat' dir='ltr'><strong>centenis</strong></span> <span class='ocrx_word' id='word_1_289' title='bbox 1309 3502 1438 3553; x_wconf 70' lang='lat' dir='ltr'><strong>aestiman-</strong></span> 
     </span>
     <span class='ocr_line' id='line_1_35' title="bbox 371 3576 1436 3651; baseline -0.004 -15"><span class='ocrx_word' id='word_1_290' title='bbox 371 3584 500 3636; x_wconf 81' lang='lat' dir='ltr'><strong>librarum</strong></span> <span class='ocrx_word' id='word_1_291' title='bbox 513 3596 592 3649; x_wconf 80' lang='lat' dir='ltr'><strong>cupra</strong></span> <span class='ocrx_word' id='word_1_292' title='bbox 607 3578 813 3649; x_wconf 78' lang='lat' dir='ltr'><strong>quinquagenas·</strong></span> <span class='ocrx_word' id='word_1_293' title='bbox 825 3576 858 3629; x_wconf 85' lang='grc' dir='ltr'><strong>Η.</strong></span> <span class='ocrx_word' id='word_1_294' title='bbox 925 3578 980 3631; x_wconf 80' lang='lat' dir='ltr'><strong>dns.</strong></span> <span class='ocrx_word' id='word_1_295' title='bbox 993 3580 1108 3631; x_wconf 80' lang='lat' dir='ltr'><strong>Dan.-</strong></span> <span class='ocrx_word' id='word_1_296' title='bbox 1118 3580 1305 3651; x_wconf 79' lang='lat' dir='ltr'><strong>Quinquagenos</strong></span> <span class='ocrx_word' id='word_1_297' title='bbox 1321 3600 1436 3633; x_wconf 82' lang='lat' dir='ltr'><strong>nummos.</strong></span> 
     </span>
     <span class='ocr_line' id='line_1_36' title="bbox 315 3656 1437 3730; baseline 0.006 -24"><span class='ocrx_word' id='word_1_298' title='bbox 315 3696 318 3699; x_wconf 83' lang='lat'><strong>.</strong></span> <span class='ocrx_word' id='word_1_299' title='bbox 412 3666 439 3714; x_wconf 85' lang='lat'><strong>6.</strong></span> <span class='ocrx_word' id='word_1_300' title='bbox 453 3660 588 3713; x_wconf 64' lang='lat' dir='ltr'><strong>Saeviente</strong></span> <span class='ocrx_word' id='word_1_301' title='bbox 596 3657 726 3723; x_wconf 75' lang='lat' dir='ltr'><strong>fraudata.</strong></span> <span class='ocrx_word' id='word_1_302' title='bbox 742 3656 824 3709; x_wconf 87' lang='lat' dir='ltr'><strong>Color</strong></span> <span class='ocrx_word' id='word_1_303' title='bbox 839 3672 881 3708; x_wconf 80' lang='lat' dir='ltr'><strong>ee·</strong></span> <span class='ocrx_word' id='word_1_304' title='bbox 925 3658 986 3711; x_wconf 90' lang='lat' dir='ltr'><strong>Non</strong></span> <span class='ocrx_word' id='word_1_305' title='bbox 1007 3661 1032 3709; x_wconf 83' lang='grc' dir='ltr'><strong>ιἰι</strong></span> <span class='ocrx_word' id='word_1_306' title='bbox 1046 3658 1120 3709; x_wconf 82' lang='lat' dir='ltr'><strong>libras</strong></span> <span class='ocrx_word' id='word_1_307' title='bbox 1133 3658 1235 3711; x_wconf 79' lang='lat' dir='ltr'><strong>scilieet</strong></span> <span class='ocrx_word' id='word_1_308' title='bbox 1249 3659 1380 3730; x_wconf 73' lang='lat' dir='ltr'><strong>singulae,</strong></span> <span class='ocrx_word' id='word_1_309' title='bbox 1396 3660 1437 3713; x_wconf 87' lang='lat' dir='ltr'><strong>uti</strong></span> 
     </span>
     <span class='ocr_line' id='line_1_37' title="bbox 372 3736 1437 3809; baseline -0.004 -14"><span class='ocrx_word' id='word_1_310' title='bbox 372 3756 416 3796; x_wconf 86' lang='lat' dir='ltr'><strong>tur</strong></span> <span class='ocrx_word' id='word_1_311' title='bbox 435 3737 551 3801; x_wconf 84' lang='lat' dir='ltr'><strong>Latinis,</strong></span> <span class='ocrx_word' id='word_1_312' title='bbox 571 3737 665 3807; x_wconf 77' lang='lat' dir='ltr'><strong>plenus</strong></span> <span class='ocrx_word' id='word_1_313' title='bbox 687 3756 717 3789; x_wconf 84' lang='lat' dir='ltr'><strong>ec</strong></span> <span class='ocrx_word' id='word_1_314' title='bbox 739 3736 881 3787; x_wconf 75' lang='lat' dir='ltr'><strong>vehemens</strong></span> <span class='ocrx_word' id='word_1_315' title='bbox 925 3738 986 3790; x_wconf 88' lang='lat' dir='ltr'><strong>libri</strong></span> <span class='ocrx_word' id='word_1_316' title='bbox 999 3738 1127 3789; x_wconf 75' lang='lat' dir='ltr'><strong>hactenus</strong></span> <span class='ocrx_word' id='word_1_317' title='bbox 1144 3736 1206 3791; x_wconf 88' lang='lat' dir='ltr'><strong>editi</strong></span> <span class='ocrx_word' id='word_1_318' title='bbox 1227 3752 1437 3809; x_wconf 74' lang='lat' dir='ltr'><strong>representem,</strong></span> 
     </span>
     <span class='ocr_line' id='line_1_38' title="bbox 372 3814 1438 3880; baseline -0.003 -6"><span class='ocrx_word' id='word_1_319' title='bbox 372 3816 523 3874; x_wconf 75' lang='lat' dir='ltr'><strong>eetznostni</strong></span> <span class='ocrx_word' id='word_1_320' title='bbox 535 3814 883 3877; x_wconf 77' lang='lat' dir='ltr'><strong>onemtnmvocaut‚conleur</strong></span> <span class='ocrx_word' id='word_1_321' title='bbox 926 3814 1258 3880; x_wconf 58' lang='lat' dir='ltr'><strong>neminemneminer,</strong></span> <span class='ocrx_word' id='word_1_322' title='bbox 1289 3831 1319 3871; x_wconf 85' lang='lat' dir='ltr'><strong>ut</strong></span> <span class='ocrx_word' id='word_1_323' title='bbox 1337 3817 1438 3871; x_wconf 87' lang='lat' dir='ltr'><strong>habent</strong></span> 
     </span>
     <span class='ocr_line' id='line_1_39' title="bbox 372 3892 1438 3969; baseline -0.002 -16"><span class='ocrx_word' id='word_1_324' title='bbox 372 3902 479 3969; x_wconf 67' lang='lat' dir='ltr'><strong>cherpen.</strong></span> <span class='ocrx_word' id='word_1_325' title='bbox 491 3895 562 3947; x_wconf 85' lang='lat' dir='ltr'><strong>Huic</strong></span> <span class='ocrx_word' id='word_1_326' title='bbox 571 3892 671 3947; x_wconf 79' lang='lat' dir='ltr'><strong>dilutus</strong></span> <span class='ocrx_word' id='word_1_327' title='bbox 680 3894 835 3966; x_wconf 87' lang='lat' dir='ltr'><strong>opponitur.</strong></span> <span class='ocrx_word' id='word_1_328' title='bbox 846 3894 883 3947; x_wconf 85' lang='lat' dir='ltr'><strong>ll.</strong></span> <span class='ocrx_word' id='word_1_329' title='bbox 926 3894 1001 3948; x_wconf 78' lang='lat' dir='ltr'><strong>MSS.</strong></span> <span class='ocrx_word' id='word_1_330' title='bbox 1019 3914 1126 3958; x_wconf 86' lang='lat' dir='ltr'><strong>omnes,</strong></span> <span class='ocrx_word' id='word_1_331' title='bbox 1139 3896 1203 3967; x_wconf 80' lang='lat' dir='ltr'><strong>lleg.</strong></span> <span class='ocrx_word' id='word_1_332' title='bbox 1221 3916 1246 3961; x_wconf 86' lang='lat'><strong>1,</strong></span> <span class='ocrx_word' id='word_1_333' title='bbox 1261 3915 1295 3961; x_wconf 82' lang='lat' dir='ltr'><strong>a,</strong></span> <span class='ocrx_word' id='word_1_334' title='bbox 1311 3898 1390 3950; x_wconf 91' lang='lat' dir='ltr'><strong>Colb.</strong></span> <span class='ocrx_word' id='word_1_335' title='bbox 1412 3917 1438 3963; x_wconf 89' lang='lat'><strong>1,</strong></span> 
     </span>
     <span class='ocr_line' id='line_1_40' title="bbox 413 3972 1437 4050; baseline 0 -22"><span class='ocrx_word' id='word_1_336' title='bbox 413 4000 438 4050; x_wconf 81' lang='lat'><strong>7.</strong></span> <span class='ocrx_word' id='word_1_337' title='bbox 452 3975 568 4029; x_wconf 79' lang='lat' dir='ltr'><strong>Dilatior.</strong></span> <span class='ocrx_word' id='word_1_338' title='bbox 583 3972 789 4027; x_wconf 82' lang='lat' dir='ltr'><strong>Medicaminum</strong></span> <span class='ocrx_word' id='word_1_339' title='bbox 810 3972 881 4025; x_wconf 90' lang='lat' dir='ltr'><strong>enim</strong></span> <span class='ocrx_word' id='word_1_340' title='bbox 930 3994 959 4039; x_wconf 76' lang='grc' dir='ltr'><strong>ι,</strong></span> <span class='ocrx_word' id='word_1_341' title='bbox 973 3974 1053 4026; x_wconf 83' lang='lat' dir='ltr'><strong>Paris.</strong></span> <span class='ocrx_word' id='word_1_342' title='bbox 1068 3972 1158 4027; x_wconf 82' lang='lat' dir='ltr'><strong>chiffl.</strong></span> <span class='ocrx_word' id='word_1_343' title='bbox 1175 3987 1221 4028; x_wconf 73' lang='lat' dir='ltr'><strong>etc·</strong></span> <span class='ocrx_word' id='word_1_344' title='bbox 1242 3976 1342 4028; x_wconf 88' lang='lat' dir='ltr'><strong>Locum</strong></span> <span class='ocrx_word' id='word_1_345' title='bbox 1364 3977 1437 4043; x_wconf 84' lang='lat' dir='ltr'><strong>bunc</strong></span> 
     </span>
     <span class='ocr_line' id='line_1_41' title="bbox 372 4052 1437 4132; baseline -0.005 -20"><span class='ocrx_word' id='word_1_346' title='bbox 372 4060 506 4112; x_wconf 68' lang='lat' dir='ltr'><strong>saturitate</strong></span> <span class='ocrx_word' id='word_1_347' title='bbox 515 4052 618 4105; x_wconf 88' lang='lat' dir='ltr'><strong>intendi</strong></span> <span class='ocrx_word' id='word_1_348' title='bbox 629 4055 755 4105; x_wconf 81' lang='lat' dir='ltr'><strong>vellerum</strong></span> <span class='ocrx_word' id='word_1_349' title='bbox 765 4053 882 4105; x_wconf 78' lang='lat' dir='ltr'><strong>coloreo:</strong></span> <span class='ocrx_word' id='word_1_350' title='bbox 925 4072 1006 4125; x_wconf 86' lang='lat' dir='ltr'><strong>porro</strong></span> <span class='ocrx_word' id='word_1_351' title='bbox 1022 4054 1178 4124; x_wconf 72' lang='lat' dir='ltr'><strong>interpretes</strong></span> <span class='ocrx_word' id='word_1_352' title='bbox 1199 4054 1241 4106; x_wconf 83' lang='lat' dir='ltr'><strong>alii</strong></span> <span class='ocrx_word' id='word_1_353' title='bbox 1262 4074 1355 4107; x_wconf 80' lang='lat' dir='ltr'><strong>omnes</strong></span> <span class='ocrx_word' id='word_1_354' title='bbox 1375 4076 1437 4132; x_wconf 83' lang='lat' dir='ltr'><strong>pei·-</strong></span> 
     </span>
     <span class='ocr_line' id='line_1_42' title="bbox 372 4130 1438 4205; baseline -0.004 -14"><span class='ocrx_word' id='word_1_355' title='bbox 372 4134 601 4196; x_wconf 75' lang='lat' dir='ltr'><strong>eitivemremitti,</strong></span> <span class='ocrx_word' id='word_1_356' title='bbox 610 4132 761 4202; x_wconf 82' lang='lat' dir='ltr'><strong>dilutoeque</strong></span> <span class='ocrx_word' id='word_1_357' title='bbox 769 4130 882 4184; x_wconf 83' lang='lat' dir='ltr'><strong>evadere</strong></span> <span class='ocrx_word' id='word_1_358' title='bbox 925 4152 1014 4203; x_wconf 82' lang='lat' dir='ltr'><strong>peram</strong></span> <span class='ocrx_word' id='word_1_359' title='bbox 1029 4145 1199 4203; x_wconf 82' lang='lat' dir='ltr'><strong>occeperunt.</strong></span> <span class='ocrx_word' id='word_1_360' title='bbox 1220 4134 1354 4205; x_wconf 76' lang='lat' dir='ltr'><strong>intelliges</strong></span> <span class='ocrx_word' id='word_1_361' title='bbox 1372 4154 1438 4187; x_wconf 70' lang='lat' dir='ltr'><strong>vero</strong></span> 
     </span>
    </p>
   </div>
   <div class='ocr_carea' id='block_1_4' title="bbox 0 0 1620 5159">
    <p class='ocr_par' dir='ltr' id='par_1_4' title="bbox 0 0 1620 5159">
     <span class='ocr_line' id='line_1_43' title="bbox 0 0 1620 5159; baseline 0 0"><span class='ocrx_word' id='word_1_362' title='bbox 0 0 1620 5159; x_wconf 95' lang='lat' dir='ltr'><strong> </strong></span> 
     </span>
    </p>
   </div>
  </div>
 </body>
</html>
