3200 5159
380 527 453 600 ²9²
655 503 693 570 C.
722 499 885 570 PLINII
912 496 1015 567 utu
1043 499 1164 568 HIST.

343 661 441 730 uque
462 635 497 703 in
523 631 587 702 alio
613 629 747 703 animali
772 655 938 726 peropus
962 629 1114 700 libidinis.
1137 631 1173 699 Si
1194 642 1312 698 contra
1334 653 1443 699 mores

377 742 527 811 steterint
551 737 695 824 feminae,
717 761 796 808 aura
814 739 858 808 ab
873 723 957 808 his¹⁸
979 737 1080 807 flante
1101 727 1311 832 praegnont'es
1333 736 1440 804 fiunt:

375 848 505 917 hiantes
516 844 540 883 ¹⁹
560 859 669 914 autent
702 859 832 914 exserta
855 843 969 937 lingua
991 841 1107 938 perid
1138 857 1270 937 tempus
1291 857 1441 914 aestuunt

377 953 583 1046 Concipiunt
602 965 636 1021 et
654 950 939 1045 supervolantium
953 946 1116 1035 afflatu'⁰,
1134 973 1220 1043 saepe
1238 946 1352 1018 voce²¹
1369 963 1442 1016 tan·

375 1074 446 1128 turn
465 1057 577 1126 auditu
588 1055 735 1126 masculi.
755 1057 914 1152 Adeoque
931 1057 1034 1126 vincit
1049 1054 1151 1124 lidido
1165 1054 1265 1123 etium
1283 1054 1369 1124 setus
1386 1077 1441 1122 eo·

371 1169 523 1250 ritatem,
556 1162 670 1232 utillo
698 1162 812 1232 furtim
840 1177 875 1231 et
906 1163 941 1231 ln
967 1159 1099 1231 occulto
1122 1161 1306 1247 incubans,
1338 1184 1442 1254 quum

373 1272 474 1340 sensit
493 1269 650 1338 feminam
668 1269 805 1364 aucupis
818 1267 1059 1339 accedentem²¹
1081 1267 1123 1335 ad
1141 1290 1286 1351 marem,
1308 1281 1443 1335 recanat

374 1487 885 1561 idernplrneapicibnelectionemqumn
971 1506 1014 1540 no.
1031 1488 1139 1559 Afflotu.
1155 1486 1211 1540 Alii
1224 1485 1316 1540 eudem
1332 1498 1439 1539 tenten-

374 1567 716 1640 edidimus,reprresentent
728 1569 792 1640 lleg.
810 1586 836 1633 1,
852 1589 887 1634 ι,
930 1566 1067 1638 tielegunt
1077 1566 1180 1633 olfactu·
1192 1566 1238 1620 «si
1252 1564 1350 1636 perdix
1364 1565 1442 1618 lemi-

376 1650 453 1704 Colb.
466 1668 491 1712 r,
505 1648 685 1709 n,l'nric.etc.
696 1647 887 1718 quibuernujor
929 1664 980 1711 nu,
998 1646 1085 1716 inquit
1101 1647 1182 1700 Arist.
1200 1645 1269 1699 Hist.
1285 1645 1380 1699 Anius.
1392 1644 1440 1699 lib.

376 1741 415 1781 eet
434 1725 557 1784 hubendn
570 1726 652 1790 fides,
667 1745 747 1798 quum
763 1727 887 1780 Pintinno
930 1726 1056 1796 V1,cup.
1072 1726 1103 1789 3,
1114 1745 1143 1796 p.
1160 1724 1227 1784 651,
1240 1722 1346 1778 effletur
1358 1723 1442 1777 odore

376 1820 467 1861 contra
478 1805 616 1878 scriptoris
630 1818 761 1873 mentem,
777 1825 811 1859 ex
825 1807 887 1859 Ari·
929 1805 1055 1869 musculi,
1069 1804 1213 1876 concipit·
1230 1802 1291 1858 :liv
1302 1805 1350 1874 γὰρ
1360 1823 1444 1856 κατα-

374 1887 466 1942 stotele
489 1886 525 1938 sic
546 1884 699 1938 emendanti
723 1902 729 1938 :
753 1911 765 1932 ι
787 1887 888 1938 llurcns
930 1889 1038 1954 πνωσθῇ
1064 1889 1107 1938 τῶ
1134 1885 1231 1957 dipem
1255 1883 1391 1937 numen.
1406 1881 1443 1938 Η.

375 1965 443 2020 circe
450 1977 610 2018 concentum
622 1964 728 2017 femine
735 1964 889 2035 cupiuntur,
931 1995 970 2006 -·-
980 1963 1125 2034 &acipiunt
1135 1963 1334 2034 supervolantium
1345 1963 1443 2034 offlam.

376 2057 468 2098 contro
483 2060 613 2115 aucupem
627 2041 732 2095 lemine
751 2055 889 2108 exeuntes,
931 2041 1085 2097 Aristotelen
1096 2043 1167 2096 libro
1176 2043 1265 2109 tertio,
1275 2043 1315 2094 De
1327 2041 1444 2096 Generu-

375 2120 889 2192 utrirandoabigunteum.·Alindenim
931 2120 1004 2174 tione
1025 2121 1206 2187 Animnlinm,
1228 2121 1315 2194 cupite
1340 2122 1442 2192 primo,

375 2217 415 2256 est
424 2199 497 2274 quod
505 2200 718 2272 Philosophuseo
728 2201 799 2266 loco,
808 2219 889 2272 quem
931 2198 1064 2265 ouendit,
1077 2201 1169 2270 olfactu
1176 2199 1443 2273 hiclegendum,non

377 2283 513 2336 Pintiunus
531 2281 653 2351 respicit,
674 2280 741 2333 llist.
762 2280 810 2334 lib.
830 2281 889 2346 11,
932 2279 1444 2352 efflatiollumnl'flntuprngnnnteefieri
1554 2284 1558 2293 ’

377 2381 435 2432 rap.
461 2379 509 2424 rr,
533 2379 592 2432 pog.
616 2358 702 2426 1036,
722 2356 795 2412 uliud
815 2357 889 2430 quod
932 2359 1164 2431 perdices,stetim
1178 2372 1241 2414 unte
1253 2358 1356 2414 Plinius
1370 2363 1443 2412 retn-

377 2441 478 2494 Plinius
490 2451 600 2493 narrat:
616 2457 695 2511 quem
714 2456 770 2492 non
789 2456 822 2491 ex
834 2457 890 2492 nno
932 2439 1341 2496 terat.trinoieunerhuinnt:
1356 2441 1443 2493 «Tum

377 2521 517 2590 scriptore,
526 2515 572 2572 ned
583 2537 614 2572 ex
626 2517 766 2589 multiplici
776 2517 890 2572 lectione
933 2520 1011 2573 etium
1024 2518 1145 2590 perdicee
1155 2519 1297 2573 semineret
1309 2538 1368 2591 qne
1375 2537 1444 2572 non·

378 2613 404 2652 et
418 2599 599 2668 experimento
613 2616 718 2661 rerum,
732 2615 810 2650 suum
822 2616 890 2668 opor
932 2593 998 2651 dnm
1014 2599 1145 2665 coierint,
1155 2617 1268 2670 querum
1280 2599 1383 2652 neusin
1398 2617 1446 2652 un·

378 2677 548 2732 concinuisse
567 2676 672 2730 scimus.
695 2677 729 2730 Η.
744 2709 784 2720 -—
798 2675 890 2729 Contra
932 2677 1033 2750 cupiit,
1046 2697 1132 2749 quum
1142 2678 1270 2732 olfaciunt
1280 2697 1380 2731 murem
1393 2698 1444 2732 vo·

378 2777 495 2828 aucripuru
503 2759 628 2826 seminum.
643 2757 744 2810 Contra
764 2755 890 2810 lentinum
932 2774 1044 2828 cemque
1061 2760 1118 2830 ejus
1132 2755 1265 2821 andiunt,
1288 2758 1376 2811 nlterae
1392 2759 1444 2810 im·

378 2836 553 2898 venatricem,
565 2837 708 2906 inpedirent
717 2854 786 2907 ,qun
794 2853 891 2907 auceps
932 2836 1050 2908 plentur,
1063 2838 1248 2892 atterentium
1258 2838 1374 2908 pariunt.
1385 2864 1397 2886 ι
1411 2837 1444 2890 Ρ.

380 2915 498 2968 abutitur
517 2913 551 2968 ad
562 2913 799 2968 alliciendosalins.
816 2915 850 2966 H.
976 2935 1021 2970 nr.
1038 2912 1105 2970 Voce
1122 2927 1214 2969 tantum
1233 2918 1319 2969 ordita
1334 2919 1443 2970 amu.

423 2997 466 3048 18.
486 2997 559 3047 Aura
578 2995 610 3046 ab
627 2995 671 3048 liis.
693 2995 802 3046 Aristot.
822 2993 889 3047 llist.
933 2993 1077 3050 Clearchus
1100 2995 1173 3068 apud
1194 2995 1370 3060 Athenarum,
1394 2996 1443 3049 lib.

379 3075 467 3126 Anim.
481 3075 528 3127 lib.
545 3074 581 3139 V,
591 3092 649 3144 cap.
663 3072 694 3138 5,
705 3091 766 3145 pag.
780 3071 851 3138 532,
862 3085 890 3126 et
932 3075 982 3128 11.
994 3074 1133 3130 Perdicetn
1144 3075 1265 3130 Indicum
1274 3076 1382 3131 vulture
1390 3094 1445 3128 nie·

378 3153 475 3208 AElian.
487 3153 552 3206 llist.
563 3151 652 3206 Anim.
664 3153 712 3206 lib.
721 3153 886 3225 XVILcap
930 3155 1017 3224 jerem
1038 3155 1134 3210 Strabo
1147 3168 1294 3222 memoret,
1313 3154 1363 3208 lib.
1378 3155 1442 3207 XV.

383 3233 426 3286 15.
448 3233 481 3285 At
499 3233 641 3298 Alhertus,
659 3231 693 3285 de
711 3231 824 3284 Animal.
840 3232 887 3286 lib.
932 3233 1034 3288 Dione.

380 3314 434 3378 vt,
448 3323 525 3366 tract.
540 3329 607 3378 r,c.
628 3309 662 3376 3,
677 3331 706 3382 p.
722 3330 795 3381 192,
810 3329 889 3382 agens
974 3333 1019 3366 π.
1039 3315 1164 3368 Feminam
1179 3317 1279 3386 wopis
1296 3314 1444 3367 accedatur

380 3391 413 3444 de
420 3389 572 3461 perdicibus
582 3410 588 3442 r
600 3390 888 3462 *Aliquandminquit
932 3393 968 3445 ud
976 3413 1071 3447 marem.
1081 3396 1121 3448 ltu
1128 3394 1208 3448 MSS.
1220 3413 1328 3461 omnes,
1338 3395 1403 3465 neg.
1417 3414 1445 3464 r,

380 3489 461 3542 quum
468 3470 564 3524 femina
572 3469 650 3522 vertit
656 3489 736 3524 nuum
748 3468 782 3522 ad
788 3488 889 3524 muscu-
934 3493 961 3537 n,
974 3473 1055 3528 Parii.
1070 3487 1122 3528 etc.
1136 3473 1253 3528 Feminn
1267 3473 1383 3528 inruetis
1395 3475 1444 3526 in·

261 3583 264 3592 .
380 3549 450 3612 lum,
467 3561 493 3602 et
506 3547 608 3603 flaverit
623 3562 716 3602 uentus
733 3569 748 3603 a
764 3567 838 3602 mure
851 3548 887 3602 ud
932 3552 1123 3606 continentium
1134 3565 1228 3607 notere
1240 3553 1340 3619 voluit,
1359 3571 1446 3623 quum

380 3629 521 3686 feminam,
537 3627 662 3682 dicuntur
669 3629 811 3700 concipere
824 3646 831 3680 :
842 3647 891 3700 ego
936 3649 968 3684 ec
984 3633 1127 3686 verborum
1142 3645 1269 3688 contextu
1279 3633 1322 3686 nti
1335 3633 1446 3698 minii,

380 3723 466 3763 tumen
482 3726 536 3760 non
553 3705 633 3761 credo
648 3706 720 3780 quod
740 3708 784 3760 itta
799 3725 891 3762 conce
934 3729 1014 3782 quem
1029 3712 1096 3775 into,
1117 3711 1175 3764 uid
1194 3712 1319 3766 feminam
1333 3713 1446 3783 rumpis

380 3789 436 3860 ptio
451 3785 588 3852 secundet,
603 3788 654 3840 nisi
667 3785 779 3842 fortend
790 3805 889 3853 orum,
934 3787 1102 3845 accedentem
1119 3810 1218 3846 mmm
1234 3811 1242 3845 :
1260 3818 1272 3840 ι
1290 3809 1443 3862 quanmrum

379 3882 407 3922 et
417 3886 471 3920 non
483 3865 518 3920 ud
532 3866 635 3938 pullum
652 3865 716 3920 :sed
737 3863 771 3918 nd
784 3867 888 3938 pullum
932 3869 1019 3922 veleic
1032 3869 1183 3924 Aristoteles
1194 3873 1269 3925 :irai
1277 3871 1445 3941 τῇθιρωώσῃ

379 3947 495 4018 exigitur
515 3947 633 4017 receptio
657 3945 779 4011 seminis,
802 3959 852 4000 etc.
872 3972 884 3994 ι
931 3949 1445 4021 θηλιίᾳαῖσθηταιπροσίχοντατὸνᾶῤῥινι.

380 4027 471 4080 Hirro.
932 4026 1024 4084 Hono.
1034 4061 1074 4071 -
1087 4031 1210 4083 Feminam
1221 4034 1329 4101 aucupis.
1340 4030 1446 4100 Nempe

422 4105 588 4174 emilianus.
597 4104 677 4158 Arist.
686 4104 787 4158 loceit
796 4103 888 4160 Hinc.
933 4107 1107 4170 venetricern.
1122 4122 1151 4162 nt
1164 4107 1299 4173 dicimur,
1314 4127 1374 4180 qun
1388 4127 1448 4164 me·
