3200 5159
320 601 331 618 ι
371 513 446 595 noli
527 509 566 577 C.
593 509 759 578 PLINIl
786 508 899 580 Nn‘r.
928 509 1051 577 HIST.
1079 509 1177 576 LlB.
1207 507 1276 576 tx.

369 626 458 712 dius⁵
475 653 592 709 auctor
612 653 681 725 est,
697 639 885 734 praerodcre
910 639 1050 710 caudam
1071 636 1187 733 mugili
1205 636 1342 734 lupum,
1370 619 1439 710 cos·

230 751 242 768 '
336 747 511 840 ademque
540 746 632 815 statis
659 746 827 816 mensibus
850 745 1033 818 concordes
1059 767 1140 814 esse.
1166 747 1293 814 Omnes
1323 760 1436 817 autem

370 855 497 940 vivere,
515 851 635 947 quibus
652 851 765 922 caudae
779 853 826 922 sic
839 867 1062 948 amputentur.
1081 854 1159 920 dte
1176 852 1343 921 contrario
1359 855 1439 920 ami-

370 960 455 1030 citiae
478 956 628 1052 exempla
659 972 738 1027 sunt
759 947 904 1053 (praeter
923 958 1013 1044 illos,
1051 957 1093 1027 de
1113 943 1275 1052 quorum⁶
1293 957 1437 1028 diximus

370 1067 526 1134 societate
535 1059 568 1154 ),
582 1063 708 1134 balaena
723 1078 756 1132 et
769 1065 955 1136 musculus⁷
969 1091 978 1132 ε
993 1063 1127 1160 quando
1145 1065 1308 1159 praegravi
1325 1089 1438 1160 super·

370 1169 521 1240 ciliorum
536 1170 683 1265 pondere
702 1169 830 1241 obrutis
845 1173 916 1266 ejus
936 1170 1058 1257 oculis,
1076 1171 1263 1240 infestantia
1276 1171 1438 1264 magnitu-

369 1276 480 1346 dinem
508 1276 593 1346 vada
619 1291 806 1372 proenatans
831 1277 1063 1364 demonstrat,
1096 1275 1337 1371 oculorumque
1362 1279 1437 1346 vice

369 1383 529 1479 fungitur.
544 1384 631 1454 Hinc
648 1381 823 1453 volucrum
837 1399 962 1454 naturae
976 1383 1136 1453 dicentur.

367 1590 880 1661 comburuntPriorepcasadiverbo,
922 1590 1435 1666 sulcandasquipruviusedocetundas:

366 1683 397 1724 ut
407 1671 575 1733 monuimus,
588 1689 645 1724 non
655 1669 791 1736 humidi,
801 1669 878 1743 quod
923 1675 1141 1745 Immensumque
1152 1691 1235 1744 pecus
1247 1691 1332 1744 parvo
1343 1671 1437 1726 mode-

367 1749 495 1821 requitur,
505 1750 704 1815 subintellecto,
715 1769 880 1822 supervacua
922 1753 1026 1806 rumine
1039 1752 1131 1806 cande
1142 1755 1299 1824 Temperat,
1319 1765 1347 1806 et
1362 1765 1436 1806 tanto

367 1842 407 1883 est
429 1830 510 1898 hujus
541 1829 594 1886 luci
620 1827 772 1888 emendatio
798 1849 879 1902 quarn
922 1833 1061 1905 conjungit
1075 1831 1174 1886 soedera
1190 1845 1320 1885 monstro.
1334 1857 1346 1879 ι
1360 1833 1436 1884 lion·

368 1921 459 1962 contra
489 1907 615 1962 codicum
647 1910 770 1963 omniurn
798 1909 878 1964 fldem
922 1911 1035 1965 deletiua
1047 1913 1200 1966 musculum
1221 1910 1364 1976 describit,
1387 1913 1434 1964 lib.

369 1987 507 2042 Pintianus
534 1988 710 2059 excogitavit,
733 2007 817 2061 quurn
840 1989 878 2043 le·
922 1992 1004 2058 xvl,
1030 2010 1088 2063 cap.
1114 2010 1160 2046 ιι.
1180 1993 1271 2045 Ηιιιιι.
1300 2023 1339 2034 -
1363 1992 1436 2044 Alibi

369 2067 487 2138 gendum
501 2069 619 2132 censuit,
638 2069 736 2132 locusta
755 2087 878 2138 comam,
922 2068 980 2134 (lib.
996 2071 1045 2135 11,
1059 2088 1117 2141 cap.
1130 2073 1175 2136 δι)
1194 2069 1296 2122 Plinius
1314 2070 1436 2124 musculo

370 2145 415 2200 sic
429 2147 511 2201 Arist.
533 2147 602 2201 Hist.
615 2147 663 2200 lib.
674 2148 759 2213 VIII,
773 2167 831 2219 cap.
846 2156 879 2215 4,
922 2148 960 2200 ait
987 2148 1191 2220 (quibalunam
1205 2147 1359 2216 antecedit)
1385 2167 1436 2220 pro

368 2246 396 2298 p·
412 2228 467 2294 869
480 2245 487 2280 :
500 2228 521 2280 ol
533 2222 562 2282 di
571 2225 673 2296 adpetat
682 2228 738 2289 τοὺς
751 2229 876 2299 γόγγρους·
922 2227 1045 2281 dentibus
1062 2246 1119 2282 esse
1132 2228 1159 2280 in
1171 2245 1218 2280 ore
1228 2247 1326 2295 serpat,
1350 2240 1377 2280 et
1389 2247 1437 2298 per

369 2307 391 2359 oi
405 2301 436 2358 di
451 2307 548 2378 γόγγροι
561 2307 617 2368 τοὺς
638 2304 781 2370 πολύποδας
802 2328 878 2361 κατι·
920 2307 1289 2363 ῙιιιιοιοοειιιΔιίιῐοῐεΙίοιιιιι
1302 2311 1435 2380 pue-irruam

251 2399 255 2404 ·
370 2385 471 2440 astruet.
486 2387 629 2440 «Locusta
641 2404 768 2457 congrus,
788 2387 881 2459 congri
923 2388 1002 2453 (ilict.
1014 2389 1061 2440 lib.
1071 2388 1126 2451 111,
1137 2406 1195 2459 cap.
1211 2389 1254 2455 rs)
1267 2387 1363 2454 vertit;
1376 2406 1436 2440 mox

368 2466 482 2536 polypos
495 2463 651 2519 devorant.»
668 2465 881 2520 Hiran-Loca·
922 2467 982 2535 (lib.
996 2466 1097 2533 xxlt,
1120 2485 1180 2537 cap.
1197 2471 1239 2534 ιι)
1251 2465 1321 2518 iuter
1335 2465 1436 2519 belluas

368 2557 533 2615 stumcoager.
546 2545 731 2616 subintellige,
745 2559 836 2617 pavet,
850 2559 881 2600 ut
923 2558 951 2599 et
962 2546 1085 2617 aquatilia
1102 2546 1220 2607 maxima
1237 2544 1287 2598 bos
1300 2556 1435 2598 numerat.

368 2624 469 2678 locusta
482 2624 624 2696 polypum.
640 2625 732 2679 Hiran.
923 2625 993 2697 Ergo
1007 2625 1115 2679 balenae
1131 2642 1215 2696 genus
1229 2635 1281 2687 est,
1299 2624 1367 2676 forte
1379 2642 1435 2676 me-

409 2702 436 2757 5.
449 2705 574 2773 Nigidius.
585 2705 734 2758 Aristotelis
743 2706 799 2758 huc
810 2723 879 2777 quo·
923 2703 1066 2764 diterranei
1075 2704 1156 2767 rueris
1168 2705 1273 2771 rorpual
1280 2741 1289 2764 ,
1304 2703 1351 2774 qui
1362 2714 1436 2756 cete-

367 2800 420 2853 que
433 2795 508 2848 sunt,
524 2783 622 2838 Histor.
639 2784 687 2837 lib.
703 2785 759 2850 IX,
772 2803 831 2856 cap.
849 2787 877 2850 3,
921 2783 960 2838 ris
970 2783 1134 2839 balaenarum
1147 2784 1232 2855 major
1244 2781 1347 2845 evadit,
1360 2781 1436 2853 quod

367 2881 428 2934 pag.
444 2862 526 2915 1013.
540 2863 631 2916 Hann.
922 2861 1023 2930 iudicat
1032 2862 1100 2915 forte
1111 2863 1304 2915 voraaoecedir.
1324 2861 1394 2913 Atio
1403 2860 1434 2913 b.

410 2945 436 2994 6.
455 2942 497 2994 De
520 2961 618 3013 quorruu
642 2942 755 2996 diximus.
782 2943 820 2996 Ut
844 2941 879 2997 de
922 2941 1057 2995 l.balnute
1066 2939 1436 3012 ductorillesignilicatnr,ac

367 3020 458 3091 pinnas
478 3034 506 3074 et
524 3021 730 3094 pinuophylacis
754 3023 879 3076 societate
922 3019 1011 3074 caeteri
1019 3031 1139 3073 auctores
1146 3017 1305 3090 decoquasi
1314 3018 1348 3072 de
1356 3019 1434 3090 pisci-

367 3098 470 3154 dictum
485 3111 524 3152 est
536 3117 594 3171 cap.
607 3107 653 3156 66.
671 3102 712 3154 De
726 3102 829 3158 concha
852 3114 880 3156 et
923 3099 985 3153 culo
1007 3100 1164 3170 loquuntur.
1189 3098 1291 3164 (Conl.
1314 3098 1432 3170 Oppian.

366 3179 485 3250 nauplio,
495 3197 553 3252 cap.
568 3186 613 3248 49.
627 3181 717 3234 Hanc.
922 3177 1021 3232 AElian.
1041 3176 1181 3231 Claudian.
1204 3176 1351 3246 Plutarch.)
1362 3177 1435 3248 Ergo

409 3279 435 3329 7.
451 3258 555 3310 Buloeua
568 3272 593 3311 et
608 3261 735 3315 musculas.
751 3261 811 3314 Huc
827 3261 878 3314 rui·
922 3277 938 3310 a
952 3257 1052 3321 Plinio,
1065 3255 1108 3309 vel
1119 3255 1209 3327 aliquo
1219 3274 1251 3308 ex
1264 3256 1434 3323 unctoribus,

367 3337 487 3394 nouum
515 3339 602 3392 multo
627 3339 735 3394 uberius
763 3339 877 3396 dicendo
921 3339 1018 3414 aliquis
1034 3339 1083 3392 fuit
1092 3359 1167 3394 error
1179 3340 1206 3391 in
1222 3337 1434 3404 nomenclatura,

368 3430 477 3471 exornat
490 3418 660 3484 Plutarchus,
673 3419 721 3474 lib.
737 3419 770 3472 de
781 3421 876 3475 Solert.
920 3418 1011 3492 quales
1030 3430 1071 3472 tot
1084 3430 1118 3480 et,
1130 3431 1219 3472 tantos
1237 3417 1310 3491 apud
1322 3421 1434 3472 Vetere·

366 3497 457 3550 Anim.
473 3515 534 3568 pag.
549 3502 605 3568 980
620 3511 647 3550 et
659 3500 725 3568 9⁸¹3
737 3499 877 3572 Oppianus
919 3496 1047 3550 invenias.
1060 3497 1229 3569 ceteroquin
1240 3497 1307 3550 nibil
1319 3498 1435 3569 suppetit

367 3576 444 3642 item,
466 3577 580 3631 Halieut.
600 3577 647 3630 lib.
660 3579 696 3642 V,
719 3597 757 3632 vs.
776 3598 831 3645 71,
851 3592 878 3633 et
920 3575 993 3629 unde
1005 3576 1130 3629 firmetur
1148 3577 1279 3630 Veterum
1294 3577 1385 3648 opinio
1399 3577 1433 3632 de

366 3655 495 3721 Eliauus,
506 3657 575 3710 Hist.
586 3657 674 3710 Anim.
684 3657 731 3710 lib.
743 3659 780 3720 11,
792 3677 816 3711 c.
832 3657 877 3711 13.
920 3655 1077 3710 necessitate
1088 3655 1184 3709 ducem
1192 3656 1244 3709 sibi
1254 3655 1380 3726 eligendi.
1393 3661 1433 3710 De

251 3770 255 3780 ·
365 3736 389 3789 E
414 3735 516 3788 latinis
541 3734 704 3790 Claudianus
726 3737 753 3790 iu
782 3739 880 3791 Eutro-
920 3736 1061 3808 physetere
1075 3735 1164 3788 forsan
1181 3734 1328 3805 intelligere
1336 3753 1435 3806 queas.

365 3815 456 3885 pium,
470 3814 663 3881 lih.11,v.425
676 3835 733 3887 sqq·
749 3843 760 3864 ι
770 3817 814 3870 Sic
823 3819 878 3871 ruit
920 3815 964 3867 cui
985 3833 1017 3868 ex
1035 3814 1121 3867 oculis
1135 3814 1201 3867 alter
1215 3813 1303 3866 minor
1325 3827 1380 3878 est,
1401 3833 1433 3870 ac

365 3895 393 3948 iu
406 3912 487 3966 rupes
500 3895 594 3948 amisso
601 3896 672 3968 pisce
679 3895 763 3950 sodali
774 3897 875 3962 Bellus,
919 3894 997 3948 facile
1011 3892 1307 3947 «subterannexum.

679 4082 1125 4111 *ᾧ*
