3200 5159
368 560 417 633 92
621 502 661 603 c.
694 534 1170 604 PLINIINAT.H18T.

368 663 458 736 rant²
473 680 508 734 et
521 666 591 735 sine
605 690 690 759 aqua
706 667 791 736 senis
804 666 919 735 diebus
928 663 1093 759 Aquilone
1107 665 1252 759 spirante
1269 688 1277 731 ε
1291 664 1433 749 Austro,

369 771 589 867 paucioribus.
605 776 649 840 At
659 758 825 841 hiemem³
840 772 962 841 credent
981 772 1016 845 in
1028 770 1147 864 exigue
1163 792 1249 863 aquo
1263 794 1329 837 non
1347 769 1433 839 tole-

369 892 462 963 rant,
477 901 539 946 nec
562 880 596 945 in
615 867 789 947 turbida⁴z
811 878 886 947 ideo
904 878 991 947 circa
1008 874 1171 970 Vergilias
1182 860 1196 911 ⁵·
1212 876 1353 944 maxime
1374 900 1433 943 ca·

370 984 522 1077 piuntur,
545 983 736 1052 fluminibus
765 998 836 1053 tum
863 984 1028 1081 precipue
1053 980 1201 1050 turbidis.
1228 965 1434 1050 Pascuntur⁶

370 1088 531 1157 noctibus.
552 1090 750 1159 Exanimes⁷
775 1091 913 1185 piscium
939 1087 1015 1158 solae
1041 1112 1108 1156 non
1136 1076 1433 1178 fluitant.(xx11.)

336 1227 351 1262 a
370 1196 478 1263 Inous
494 1208 546 1263 est
559 1193 662 1263 Italiae
682 1199 831 1264 Benacus
845 1197 878 1263 in'
892 1194 1075 1264 Veronensi
1093 1216 1174 1287 agro
1186 1193 1347 1261 Mincium
1362 1216 1432 1259 am-

367 1326 444 1370 nem
456 1302 696 1386 transmittens,
708 1300 751 1369 ad
761 1302 854 1395 cujus
864 1325 1010 1369 emersus
1025 1324 1137 1371 annuo
1147 1284 1315 1393 tempore⁸
1329 1300 1433 1367 Octo·

366 1500 571 1572 lib.V11,pag.
590 1501 655 1569 298.
671 1500 879 1556 lisam-An·
920 1502 956 1559 ab
980 1500 1098 1569 Aorno,
1116 1510 1142 1552 et
1160 1498 1194 1551 ab
1219 1510 1328 1551 estate:
1348 1498 1433 1552 immo

341 1632 345 1641 ,
366 1580 452 1650 guilla
459 1584 549 1632 octono
558 1583 642 1631 vivunt
654 1584 732 1631 annis.
742 1578 880 1649 Setinis·
920 1580 999 1647 etiam
1017 1579 1156 1649 alrigore,
1169 1577 1259 1649 adjicit
1273 1594 1281 1629 ε
1302 1578 1430 1649 quoniam

369 1655 828 1729 za11,Hist.natur'elledrsa115eiller
837 1662 880 1712 der
922 1659 1086 1732 impatientes
1124 1670 1188 1710 sunt
1232 1656 1431 1711 vehementium

369 1739 468 1808 legeres
480 1739 511 1790 de
529 1738 687 1802 Comercim,
707 1739 743 1792 eit
767 1739 825 1791 illas
846 1758 878 1791 eo
898 1780 903 1789 .
922 1738 1112 1802 mutationum,
1132 1736 1279 1805 presertim
1291 1754 1354 1788 vero
1367 1737 1388 1788 si
1404 1736 1431 1789 in

368 1818 448 1888 paulo
463 1829 523 1888 post
537 1829 626 1870 ortum
641 1817 776 1871 umelatas
798 1819 879 1890 quin·
923 1818 1015 1889 exigua
1037 1834 1107 1887 aqua
1121 1816 1230 1869 alantur.
1247 1814 1290 1868 Sic
1305 1815 1384 1867 Arist.
1403 1834 1431 1886 p.

369 1898 486 1968 quennio
495 1896 658 1954 adolescere,
670 1909 727 1949 tum
737 1898 765 1949 in
775 1896 878 1951 Padum
923 1899 986 1955 880.
999 1896 1089 1948 Hssu.
1106 1925 1147 1935 —
1160 1895 1290 1947 Hiemem..
1304 1926 1311 1941 ·
1323 1929 1330 1942 .
1352 1914 1394 1945 nee
1407 1900 1432 1947 in

369 1977 476 2030 reverti.
488 1978 607 2030 Curua.
922 1976 1027 2029 turbida.
1053 1976 1161 2045 Frigore
1184 1986 1209 2027 et
1231 1992 1298 2044 aqua
1324 1973 1432 2044 putrida

412 2056 780 2126 2.Dmnt.Arist.peg.879.
791 2055 879 2126 Aquis
922 2056 1035 2109 maxime
1048 2053 1205 2124 depereunt.
1222 2054 1341 2108 Curras.

369 2146 498 2201 exueste,
509 2135 610 2205 inquit,
622 2147 648 2186 et
657 2133 825 2205 quinque,et
835 2152 879 2187 sex
962 2141 988 2197 4.
1003 2135 1055 2187 Nec
1068 2138 1093 2185 in
1110 2132 1215 2185 turbida.
1238 2133 1348 2187 Aristot.
1368 2151 1430 2204 pag.

369 2212 425 2267 dies
435 2214 527 2267 vivunt
537 2232 544 2266 ι
555 2214 698 2284 pluresque
707 2212 879 2283 etiamrlqui·
922 2216 979 2284 878
990 2252 998 2279 ‚
1012 2226 1083 2267 etex
1097 2212 1203 2265 Aristot.
1220 2212 1364 2265 Athenaeus
1377 2213 1429 2265 loc.

369 2294 432 2345 lone
445 2294 561 2363 spirante
576 2310 585 2345 a
601 2292 716 2357 Austro,
728 2292 877 2362 pauciores.
921 2295 968 2347 cit.
982 2293 1074 2347 Hono.

368 2371 462 2426 litun.
484 2406 525 2419 ·-
540 2371 641 2421 Dur-aut
655 2373 705 2422 sine
726 2391 789 2443 eque
817 2375 879 2423 senis
961 2375 989 2426 5.
1003 2370 1076 2424 Circa
1087 2366 1431 2441 Vergilias.llrplssi.ste‘de,

369 2452 459 2503 debus.
483 2449 639 2522 Hyperbole
661 2450 797 2503 veritatem
822 2468 879 2503 eor·
920 2452 1122 2505 circaexortum
1130 2450 1430 2520 Vergiliarum:verunr

368 2528 878 2601 rumpit3sedipseemendaturu53nam
919 2530 948 2585 in
958 2532 1101 2603 Strymone
1111 2529 1235 2600 privatim
1241 2548 1319 2581 amne
1332 2530 1432 2599 anguil-

369 2612 406 2663 8ο
423 2610 466 2662 vel
486 2628 537 2663 roo
554 2608 629 2661 horis
650 2628 712 2666 mox
734 2608 802 2661 dicit
822 2627 877 2661 me·
920 2609 957 2663 les
983 2622 1042 2663 tum
1064 2610 1136 2679 capi,
1165 2609 1340 2679 Philosophus
1377 2610 1427 2670 ait,

368 2688 427 2741 lius.
440 2690 560 2742 Curru.
919 2689 1046 2761 quoniam
1069 2708 1101 2741 eo
1119 2701 1238 2758 tempore
1257 2689 1431 2741 conturbatur

409 2768 436 2822 3.
457 2767 496 2820 At
514 2767 610 2818 hiemem
633 2766 721 2819 eadem
741 2771 767 2825 iu
787 2769 878 2836 exigar
919 2786 1005 2840 aqua,
1018 2768 1105 2821 ventis
1115 2766 1233 2820 adversis
1247 2768 1359 2821 excitato
1373 2787 1429 2822 οω-

367 2866 431 2919 aque
443 2866 492 2899 nor
505 2846 617 2898 tolerant.
632 2845 758 2904 liauss.
769 2864 877 2913 omnes,
919 2867 966 2901 no.
980 2849 1073 2901 Haeo.

367 2945 434 2997 quos
443 2926 540 2978 frustm
551 2925 687 2979 Pintienos
698 2925 835 2989 sollicitat,
848 2945 878 2979 eo
960 2931 986 2980 6.
1011 2928 1154 2979 Pascuntur.
1170 2925 1342 2986 Aristoteles.
1364 2946 1426 2997 pag.

367 3005 519 3057 Pellicerius
528 3006 556 3056 in
569 3005 640 3057 notis
650 3004 725 3057 MSS.
737 3024 822 3076 quum
833 3006 878 3059 ille
921 3007 973 3059 881
995 3024 1003 3059 ε
1026 3008 1129 3070 «Plus,
1155 3006 1256 3076 inquit,
1275 3020 1356 3060 nocte
1382 3026 1430 3078 pa·

368 3103 460 3138 rocem
475 3084 544 3137 hanc
563 3084 659 3135 hiemem
672 3084 875 3155 expungendam
919 3098 1029 3138 scantur
1043 3102 1050 3138 :
1065 3083 1183 3139 interdiu
1198 3086 1226 3137 iu
1243 3084 1375 3157 profunda
1388 3105 1429 3139 se·

366 3177 470 3230 ceuceu
482 3183 533 3217 nec
543 3164 660 3225 tolerant,
673 3163 720 3217 sed
728 3165 817 3216 derant
826 3163 877 3235 legi
919 3162 1041 3217 cedunt.»
1054 3167 1178 3235 Nlpasrer
1189 3160 1218 3219 dl
1229 3168 1319 3235 μᾶλλον
1334 3168 1377 3226 τῆς
1388 3184 1429 3219 su·

365 3257 490 3314 oportere
502 3261 509 3295 ε
522 3243 876 3308 ἰιιο,ωεια1αηααε1ιὶιηιεηι,
919 3246 974 3305 xri:
994 3250 1001 3263 ⁸
1020 3246 1062 3301 riis
1084 3239 1111 3295 d·
1126 3245 1219 3314 ἡμέραν
1239 3246 1271 3305 ric
1292 3243 1324 3298 τὰ
1346 3246 1425 3311 βαθέα

365 3323 483 3376 Plinium
491 3323 626 3394 scripsisse
640 3323 780 3376 existimat.
794 3326 876 3376 liece-
919 3324 1079 3393 ὑποχωροῦσι.
1095 3324 1184 3377 Hiran.

365 3416 439 3473 ptam
471 3402 600 3456 hactenus
632 3402 781 3463 lectionem,
821 3421 876 3454 nou
961 3424 988 3473 7.
1004 3404 1144 3455 Exanimes.
1162 3403 1268 3455 Aristot.
1281 3421 1341 3475 pag.
1356 3406 1427 3475 879,

366 3482 524 3551 exemplaria
533 3480 614 3534 modo
626 3494 741 3543 vetusta,
755 3501 810 3534 nou
820 3481 877 3552 ipsa
918 3496 997 3553 neget
1010 3500 1052 3535 eas
1062 3500 1168 3554 quoque
1181 3480 1299 3548 fluitare,
1310 3502 1429 3537 causam·

364 3561 548 3628 interpretatio
564 3560 818 3625 nostraconfirmat3
831 3560 877 3613 sed
920 3579 972 3632 que
992 3561 1109 3633 subjicit,
1133 3562 1196 3632 quia
1219 3574 1309 3615 ventre
1332 3563 1428 3635 exiguo

366 3651 394 3691 et
402 3639 619 3693 Aristotelesloeo
631 3640 669 3691 ibi
681 3641 813 3710 appellato
823 3680 831 3705 ,
840 3642 876 3694 ita
920 3654 1001 3693 eunt:
1016 3642 1184 3712 nequeenim
1196 3660 1262 3713 aqua
1272 3642 1426 3713 implentur,

365 3719 482 3771 scribens
496 3742 504 3775 r
517 3720 570 3772 rtet
583 3719 628 3780 τὰς
641 3718 781 3789 perscore:
791 3716 817 3772 δ’
831 3724 876 3790 οὐχ
920 3734 949 3773 ut
965 3720 1068 3773 fluitent
1080 3740 1088 3773 ε
1099 3733 1124 3772 et
1139 3720 1200 3792 quia
1215 3734 1303 3774 carent
1316 3722 1429 3793 pingue·

364 3799 564 3867 crepitarent<
575 3799 699 3868 ἰσχυράς..
709 3841 716 3853 .
726 3802 874 3855 &renueret
920 3800 982 3852 dine
1000 3800 1126 3870 :pinguia
1140 3800 1212 3853 enim
1228 3800 1341 3853 fluitant.
1356 3802 1427 3854 Vide

365 3877 413 3949 γὰρ
433 3879 515 3948 rilpe'er
532 3878 671 3938 πολλάκις·
695 3880 873 3951 ἀποπνίγονται
918 3880 1068 3933 Bonnense
1082 3880 1127 3933 lib.
1143 3878 1176 3931 de
1195 3880 1291 3933 Piscib.
1306 3880 1426 3933 fluviatil.

366 3953 411 4022 di,
429 3957 471 4010 lits
490 3954 532 4009 καὶ
549 3957 621 4026 ὀλίγῳ
635 3954 710 4010 idere
729 3961 873 4029 rpt'purres.
918 3976 976 4029 cap.
995 3956 1041 4011 23.
1058 3958 1147 4010 Hero.

365 4038 437 4108 Ergo
461 4036 565 4089 Plinius
582 4055 589 4087 :
605 4034 754 4100 Videntur,
773 4038 873 4109 inquit,
960 4042 986 4093 8.
996 4038 1087 4090 Annae
1098 4050 1208 4107 tempore.
1222 4037 1280 4091 Hoc
1295 4052 1347 4105 est,
1361 4050 1427 4093 stato

366 4129 397 4169 ut
411 4116 527 4171 diximus
537 4153 546 4181 ,
558 4115 646 4168 calore
659 4116 766 4170 interire
778 4118 873 4181 citius,
918 4118 980 4171 anni
998 4130 1126 4189 tempore.
1138 4118 1227 4171 thn.
