3200 5159
611 543 763 612 mnan
788 542 856 609 ιιι.
1188 539 1261 640 377

199 674 340 768 tergori,
366 698 434 768 quo
462 674 637 770 spiculavit
658 671 821 768 ingenio?
844 676 954 792 Atque
978 657 1046 742 ιιι13
1074 675 1107 741 in
1128 678 1263 794 capaci,

198 801 303 910 quum
323 782 413 848 cerni
435 804 502 849 non
521 783 624 879 possit
639 779 784 865 exilitas,
805 780 849 847 ita
866 777 1052 873 reciproca¹
1055 766 1266 873 ‘geminavit

200 884 288 954 arte¹
292 871 372 968 ,ut
384 884 537 958 fodiendo
547 889 771 958 acuminatum
781 885 921 979 pantol
936 884 1166 982 sorbendoque
1177 886 1266 955 fistu

201 988 308 1058 losum
328 1007 422 1060 esset
455 993 550 1082 Quos
569 976 738 1063 teredini¹⁶
756 991 799 1059 ad
821 990 1022 1085 perforanda
1041 992 1164 1062 robora
1187 1007 1300 1064 euml

200 1121 284 1166 sono
310 1111 395 1166 teste
421 1097 537 1169 dentes
563 1098 686 1186 affixit,
712 1099 987 1193 potissimumque
1013 1096 1032 1166 c
1058 1097 1147 1192 ligno
1176 1098 1265 1167 ciba

83 1211 94 1223 ·
200 1217 271 1270 tum
287 1201 393 1271 lecit?
409 1203 473 1273 Sed
490 1207 672 1300 turrigeros
693 1203 947 1298 elephantorum
969 1205 1130 1273 miramur
1147 1204 1264 1274 hume·

200 1332 274 1393 ros,
295 1323 532 1404 taurorumque
553 1309 656 1396 colla,
684 1325 718 1379 et
744 1324 855 1378 truces
877 1311 912 1378 in
938 1308 1077 1378 sublime
1086 1308 1108 1349 ¹⁷
1134 1311 1263 1404 jactus:

200 1415 332 1509 tigrium
351 1417 501 1509 rapinas,
521 1415 654 1486 leonum
669 1415 781 1510 jubas,
800 1440 903 1509 quum
922 1439 1034 1484 rerum
1051 1430 1170 1486 natura
1186 1441 1265 1486 nus·

200 1544 300 1614 quam
321 1522 449 1615 magis,
478 1545 577 1616 quarn
598 1524 632 1591 in
658 1523 820 1600 minimis,
850 1535 920 1590 tota
945 1521 995 1590 sit.
1021 1523 1263 1616 Quapropter,

105 1710 109 1718 .
201 1650 329 1720 quaeso,
344 1652 387 1695 ne
402 1642 515 1696 nostra
523 1626 685 1724 legentes,
698 1628 854 1722 quoniam
863 1651 904 1696 ex
914 1627 966 1696 his
974 1643 1135 1722 spernunt
1143 1625 1263 1714 multa,

201 1732 299 1811 etiam
321 1731 424 1802 relata
444 1733 575 1824 fastidio
593 1734 774 1816 damnent,
798 1758 903 1827 quum
927 1734 962 1805 in
984 1732 1264 1829 contemplatione

200 1839 336 1907 Naturae
353 1836 435 1907 nihil
453 1841 556 1933 possit
569 1839 675 1909 videri
691 1863 946 1934 supervacuum.

254 1945 299 2013 11.
319 1931 407 2037 (ιιι.)
421 1947 551 2015 lnsecta
565 1944 679 2017 multi¹
690 1959 855 2040 negarunt
867 1946 1011 2040 spirare,
1025 1945 1125 2040 idque
1138 1947 1265 2016 ratione
1284 1963 1297 2000 1

201 2043 458 2144 persuadentes,
477 2053 635 2146 quoniam
653 2053 688 2123 in
712 2053 840 2120 viscera
857 2051 1013 2120 interiora
1032 2076 1135 2121 nexus
1159 2053 1265 2147 spira·

202 2153 295 2225 bilis¹
314 2180 383 2225 non
403 2157 535 2226 inesset.
554 2162 669 2252 ltaque
692 2159 805 2226 vivere
826 2170 865 2225 ut
889 2157 1020 2252 fruges,
1038 2157 1265 2252 arboresque:

201 2321 715 2394 instarsolittspnngere.Vidcin1lnu·
756 2323 899 2376 nicolusio
914 2321 955 2377 his
975 2321 1065 2379 fodore
1079 2323 1203 2378 binarum
1211 2325 1268 2377 vel·

202 2419 275 2466 non,
290 2402 442 2456 Commeat.
453 2403 504 2468 lv,
515 2403 569 2457 tab.
584 2410 631 2468 42,
641 2404 714 2456 illios
756 2401 1202 2473 rarumope,qoibusilliuaconoht
1211 2409 1269 2476 par'·

204 2481 326 2552 figuram.
342 2483 422 2535 Tubo
443 2482 546 2552 cogitur
570 2482 676 2554 sanguis
699 2503 713 2535 ο
756 2500 790 2535 va
804 2481 1206 2546 constatTercdoeatnarium,
1222 2503 1268 2555 pa-

202 2579 270 2615 tena
285 2559 370 2614 fluens
386 2579 467 2632 quam
479 2562 585 2633 aperuit
597 2564 712 2616 aculeus.
756 2562 859 2625 lorum,
869 2573 918 2614 etc.
930 2560 1099 2614 lucernum
1108 2561 1194 2616 abluit
1203 2564 1270 2634 quin

203 2640 322 2695 Coun.
756 2659 789 2694 ex
802 2640 846 2693 illa
857 2638 1005 2694 Hollandin
1016 2659 1148 2698 summum
1156 2642 1268 2696 exitium

245 2719 290 2774 13.
306 2721 378 2773 Utin
392 2721 548 2791 capuceum
560 2721 714 2774 mitiorem-
757 2718 931 2773 incumberet.
945 2721 1063 2774 Coma.
1161 2743 1164 2754 ·

202 2798 278 2853 ler'tia
290 2796 455 2871 (quanquam
465 2799 494 2854 id
503 2801 602 2866 telum,
613 2802 649 2854 cb
660 2801 714 2854 exi·
801 2819 844 2867 ιιι
857 2801 888 2852 Ia
902 2799 1000 2852 sublime
1007 2802 1098 2870 jactus.
1113 2800 1200 2865 Quam
1212 2801 1268 2854 vim

202 2878 320 2942 litatem,
338 2879 409 2932 cerni
427 2878 472 2933 vix
492 2880 576 2932 oculis
596 2873 711 2951 potest),
756 2896 812 2950 pro
833 2897 860 2932 cc
880 2879 980 2943 lerant,
1001 2878 1066 2932 dum
1087 2877 1207 2950 quodam
1225 2899 1268 2933 ar·

202 2977 282 3030 quam
297 2959 319 3011 si
331 2959 359 3012 in
371 2961 509 3029 capaciore
518 2960 714 3014 materiariam·
757 2971 831 3030 repta
847 2959 874 3010 in
896 2951 1009 3012 sublime
1024 2959 1139 3029 jaciunt,
1153 2959 1192 3012 illi
1204 2980 1268 3031 pro·

202 3054 240 3090 ro
253 3036 381 3091 industria
392 3057 419 3091 sc
435 3039 603 3104 exercuisset,
619 3038 656 3092 ad
669 3057 714 3111 ge·
757 3037 892 3103 muscide,
912 3039 939 3092 hi
956 3037 1092 3092 cornibus.
1116 3039 1158 3093 Cl.
1173 3039 1267 3112 Epigr.

203 3117 289 3170 minos
309 3135 373 3171 usuc
394 3117 463 3171 illud
484 3132 575 3172 nature
590 3118 716 3172 fabricata
758 3117 1028 3171 muniminibus
1047 3119 1216 3189 Spectaculis.
1232 3121 1267 3173 H.

206 3209 254 3249 eet.
267 3195 358 3250 Banu.
798 3198 836 3250 11.
860 3215 883 3249 ι.
908 3198 1001 3250 luscam
1023 3199 1100 3250 multi.
1118 3199 1270 3254 Aristotelea

246 3289 286 3337 ιι,
297 3278 435 3347 Ιικίρωια,
449 3276 561 3331 Gemina
575 3279 601 3330 vi
616 3279 714 3332 insuu-
757 3295 820 3330 rane
832 3290 922 3348 negat,
938 3277 1038 3330 illator.
1051 3278 1140 3330 Anim.
1155 3278 1201 3332 lib.
1217 3279 1268 3341 lv,

203 3355 256 3419 xit,
271 3356 376 3428 gemina
392 3354 463 3409 dot'e.
479 3357 570 3410 Bran.
758 3375 817 3427 cap·
833 3375 862 3425 9,
875 3374 934 3428 pag.
952 3358 1005 3421 488
1016 3351 1154 3430 εοῦὃδνγὰρ
1165 3360 1269 3412 maenti

245 3437 289 3488 15.
309 3435 448 3489 Garamante
456 3449 516 3490 arte.
526 3435 603 3490 MSS.
613 3453 714 3500 omnes,
759 3443 808 3489 τῶν
827 3435 944 3508 δντόμωι.
960 3436 1049 3490 Ηιιιυ.

201 3513 714 3585 Reg.1,2‚cotberc1,2,ctriffler.
800 3535 826 3568 a.
847 3517 930 3570 Neoris
951 3517 1080 3587 spimbilis.
1101 3511 1208 3571 Arteria
1234 3515 1269 3571 ud

201 3593 285 3647 Parit.
297 3607 348 3648 etc.
358 3599 489 3664 generant.
505 3595 594 3652 Ηιιιι).
756 3595 911 3666 pulmonem
921 3595 1150 3667 pertinens,qnod
1159 3597 1269 3650 unicum

244 3677 290 3727 16.
309 3675 377 3743 Quos
391 3676 504 3739 teredini,
528 3687 578 3729 etc.
596 3673 713 3728 Linnmi·
757 3674 830 3728 vocis
839 3674 964 3740 edenda,
975 3694 1034 3748 qum
1046 3676 1153 3746 proprie
1162 3693 1213 3729 vox
1226 3677 1269 3740 sit,

201 3763 301 3804 starum
311 3754 391 3806 teredo
397 3755 490 3806 aava&
496 3755 626 3816 innuitur,
634 3772 714 3824 quem
757 3753 961 3809 instrumentum
975 3767 1023 3808 est.
1040 3755 1270 3809 licam-Nesus

201 3849 251 3882 nor
264 3833 343 3903 vulgo
356 3833 471 3888 dicimus
486 3846 556 3888 taret.
571 3832 711 3887 Videbisc
755 3835 885 3905 spirabilis.
898 3835 1006 3890 AMSS.
1015 3835 1202 3905 exemplarium
1214 3832 1269 3887 fide
1365 3839 1368 3846 '

200 3909 249 3962 lib.
257 3911 324 3964 XVI
332 3933 388 3966 non
395 3913 713 3968 huncintcctisannume·
756 3913 940 3968 emendatores
951 3914 1099 3978 descivere,
1113 3914 1158 3985 qni
1170 3914 1207 3966 ric
1216 3911 1270 3966 edi·

202 3987 332 4055 randum,
344 3992 555 4046 sedmolluscum
568 3993 666 4046 animal
675 4011 713 4046 ec·
756 3991 870 4050 derunt:
879 3997 990 4066 quoniam
1002 3996 1090 4046 cuceri
1107 3995 1214 4045 interiori
1230 4012 1269 4044 ae·

203 4069 632 4143 oc.Formapraelongaetsolitum
642 4073 714 4144 ligna
756 4093 817 4139 m,
838 4086 890 4127 etc.
910 4073 948 4126 Ea
963 4074 1035 4126 enim
1048 4076 1141 4126 viscera
1156 4076 1269 4125 ulteriora

202 4151 438 4220 perambularet)
451 4153 525 4223 aquis
533 4165 714 4217 mersurum·
757 4167 907 4207 constanter
919 4153 1047 4206 exhibent
1058 4171 1065 4204 ι
1077 4171 1125 4206 nos
1141 4155 1270 4206 incisam
