3200 5159
527 582 695 679 unus
730 584 798 651 ιχ.
1178 584 1199 656 5

127 710 491 805 dispansammis‚utex
500 736 539 782 ea
548 736 648 783 causa
657 702 780 791 'fretum
792 740 974 811 numquam
983 698 1123 790 intrasse
1134 744 1203 791 cre·

129 816 232 886 dabir.
259 822 436 914 Apparent
457 835 492 888 et
522 806 625 889 τοῐῑε5
642 820 814 916 appellatae
831 847 850 891 a
870 822 1102 913 similitudine,
1127 826 1204 923 qua·

131 927 226 994 ternis
254 925 422 996 distinctae
457 925 574 1013 radiis,
612 926 776 997 modiolos
797 953 913 999 eurum
937 931 1040 1002 oculis
1072 934 1204 1005 duobus

131 1017 314 1125 utrimquc⁶
334 1032 575 1102 claudentibus.

179 1140 240 1207 lv.
265 1127 332 1231 (v.)
354 1140 489 1209 Tiberio
512 1140 654 1233 principi
674 1143 839 1211 nuntiavit
856 1142 1138 1239 Olisiponensium
1159 1146 1202 1217 le·
1223 1177 1235 1213 ι

131 1244 218 1339 gatio
240 1244 288 1313 ob
305 1245 340 1315 id
357 1248 478 1332 missa,
499 1247 624 1329 visum,
645 1245 862 1343 auditumque
880 1253 915 1319 in
935 1251 1080 1345 quodam
1104 1279 1207 1348 specu

131 1350 259 1421 concha
286 1351 487 1421 canentem¹
511 1354 681 1421 Tritonem
690 1350 714 1439 ²,
735 1377 802 1447 qua
824 1358 972 1425 noscitur
1001 1358 1107 1429 formu
1133 1386 1141 1427 :
1172 1376 1207 1431 et

132 1444 333 1529 Nereidum³
351 1458 433 1529 falsa
446 1484 516 1529 non
534 1473 603 1545 est,
621 1461 766 1551 squamis
783 1462 884 1531 modo
898 1463 1032 1558 hispido
1051 1490 1207 1561 corpore,

132 1653 652 1726 fingeudnoccnsioneml'ortededithnc
698 1656 1209 1723 tere,adversoscilioetetnrerso.lloue

134 1735 206 1787 stella
215 1736 336 1803 (userius
347 1734 419 1803 Lin.)
433 1752 514 1807 quum
524 1752 652 1787 vocemus
697 1735 845 1789 ruodiolum
861 1752 976 1803 vocant,
997 1741 1040 1793 cui
1061 1753 1122 1795 suut
1136 1742 1210 1795 affixi

134 1813 249 1867 Medusa
277 1826 358 1883 capnt
384 1816 451 1883 (edre
471 1819 503 1866 de
522 1816 651 1881 mame).
697 1814 870 1871 rodiillisu.

134 1893 182 1947 sed
195 1895 289 1966 ingens
298 1904 399 1947 stature
412 1894 475 1947 huic
485 1894 564 1947 stulte
573 1892 653 1956 date,
731 1896 779 1948 IV.
791 1915 812 1949 r.
821 1900 920 1951 Concha
929 1914 1066 1952 ementem.
1076 1900 1211 1971 interpres

135 1991 219 2043 neque
234 1974 297 2027 talis
314 1974 478 2050 enormitatis
492 1973 596 2046 uspiam
611 1983 653 2044 ty·
698 1972 903 2030 Homeriscribit
913 1978 1116 2031 nnteinrentuns
1125 1980 1212 2051 eTyr·

136 2070 184 2123 pm
193 2065 231 2107 est
239 2053 269 2106 in
281 2072 374 2107 rerum
386 2065 490 2107 natura.
505 2052 567 2105 Non
583 2051 654 2105 ebri-
696 2051 787 2106 rhenis
797 2056 901 2118 tubrm,
909 2057 1010 2129 priscos
1018 2056 1212 2129 ejuslocousos

137 2130 654 2206 millimsseptemtrionelesriritrnduut
697 2130 779 2186 luisse
787 2134 898 2188 ooncbu.
911 2135 990 2189 Unde
999 2136 1095 2205 virgil.
1104 2135 1210 2191 AEoeid.

137 2213 169 2267 de
187 2214 305 2285 quedm
324 2215 396 2286 sepi·
411 2216 550 2284 (poulpe),
572 2230 653 2283 quern
696 2213 738 2263 vl
751 2230 757 2265 :
770 2238 781 2259 ι
790 2212 843 2266 Sed
850 2225 907 2267 tum
919 2214 987 2267 forte
997 2232 1063 2268 cern
1074 2213 1139 2267 dum
1149 2233 1211 2287 per·

139 2294 323 2365 neguitndine
334 2294 428 2348 insulsi
438 2312 531 2366 parem
541 2292 652 2359 dicunt,
696 2306 771 2345 sonat
787 2312 895 2365 (equora
908 2295 1020 2349 concha,
1030 2319 1041 2341 ·
1060 2295 1145 2348 Tum,
1164 2296 1210 2348 lib.

138 2386 163 2425 et
173 2388 331 2446 noncupant
344 2379 457 2427 Krakeu.
470 2374 587 2428 Corin.
697 2368 835 2435 xxvnr,
845 2394 903 2447 cup.
919 2383 960 2440 44.
976 2376 1077 2427 Denso.

171 2452 236 2505 Mt
248 2468 321 2504 rota.
339 2454 419 2506 Rotas
433 2453 552 2506 AEliaous
562 2492 570 2517 ,
581 2450 650 2503 Hirr.
733 2471 758 2503 n.
775 2455 904 2508 Tritonem.
914 2453 1039 2508 Nereides
1053 2466 1079 2507 et
1088 2455 1213 2508 Tritones

140 2532 223 2585 Anien.
237 2532 284 2584 lib.
298 2532 457 2603 x111‚cap.
473 2550 523 2595 so,
540 2533 578 2584 nit
596 2548 653 2585 esse
695 2533 839 2586 humanum
851 2535 964 2606 speciem
972 2551 1024 2606 pree
1033 2553 1061 2587 se
1071 2535 1154 2597 ferre,
1164 2554 1214 2591 neo

140 2613 270 2685 gregales,
301 2613 415 2665 maxime
446 2630 530 2685 prope
562 2610 652 2664 Athon
696 2611 905 2678 fabulamur,
927 2613 1080 2686 quindecim
1099 2613 1214 2687 emplius

139 2692 259 2746 'l'brees'ae
277 2704 398 2745 montem
417 2710 424 2744 τ
444 2691 528 2763 spinis
543 2691 653 2744 horrere
697 2692 825 2764 exemplis
839 2713 871 2747 ao
884 2694 1040 2748 testimoniis
1050 2731 1057 2756 ‚
1067 2706 1124 2746 tum
1139 2703 1214 2747 retn-

140 2772 299 2845 prnlongis:
315 2772 428 2843 strepitu
440 2771 653 2842 perterritusoir·
696 2771 758 2835 stis,
778 2784 836 2823 tum
856 2773 1008 2826 recentibus
1030 2774 1134 2836 ullstis,
1155 2772 1213 2845 ipse

140 2850 510 2922 cumvolri,etqueinnltum
520 2847 651 2923 deprimi:
697 2846 809 2902 credidit
833 2850 957 2925 Sculiger.
976 2850 1039 2905 Vid.
1065 2852 1215 2906 Comment.

141 2929 209 2983 unde
221 2931 389 2984 reversiones
403 2931 431 2982 in
447 2932 539 2983 orbem
556 2932 654 2982 iterum
698 2927 733 2981 ed
748 2928 826 2982 Arist,
846 2929 880 2985 de
894 2932 962 2985 nist.
979 2932 1097 2984 Animal.
1111 2932 1156 2983 lib.
1172 2934 1217 2997 11,

142 3010 266 3063 incientes
274 3020 429 3081 emergant,
442 3028 593 3081 magnoque
604 3010 654 3061 im·
698 3026 758 3078 pag.
771 3010 821 3062 232
836 3021 863 3061 et
876 3010 935 3064 233.
949 3010 996 3064 llis
1014 3012 1086 3065 udde
1104 3031 1165 3084 qun
1183 3012 1218 3067 de

140 3088 340 3159 peturesilisnt.
353 3089 655 3157 ΗΔΕ-Ποταμοῖ·
699 3087 809 3140 murinis
835 3088 994 3143 homiuibus
1015 3093 1098 3144 refert
1119 3092 1218 3147 Aldro·

141 3172 206 3220 late.
219 3170 295 3222 Rota
309 3167 394 3221 idesm
403 3167 559 3222 crediderim
572 3168 655 3221 abhis
699 3166 800 3220 vendus
809 3168 879 3221 libro
893 3167 929 3221 de
943 3170 1070 3225 Monstris
1080 3212 1088 3237 ‚
1098 3189 1162 3243 pag.
1174 3176 1216 3224 26.

141 3248 278 3321 roopbytis
291 3250 457 3320 profectam,
475 3268 541 3320 qnos
558 3248 655 3303 idedu·
699 3244 787 3299 ilino.
802 3278 836 3287 -
848 3250 889 3301 De
897 3248 1054 3302 Tritonibus
1064 3260 1090 3302 et
1098 3249 1219 3306 Nereidi·

141 3330 405 3393 mLinneusvocst,
414 3338 440 3381 et
449 3328 546 3399 quibus
554 3347 584 3381 re
593 3348 655 3383 vera
700 3326 750 3379 bus
767 3326 838 3380 dictu
851 3345 905 3379 non
918 3328 972 3380 ulio
989 3329 1071 3382 modo
1089 3330 1219 3401 explices,

142 3409 223 3475 lame
242 3409 372 3481 competit
395 3407 461 3461 disci
474 3426 572 3479 ,quem
586 3408 655 3461 radii
700 3424 779 3477 quem
804 3424 896 3459 eorum
916 3406 1012 3460 frende
1031 3408 1079 3478 qni
1100 3407 1150 3460 bos
1171 3421 1219 3461 aut

141 3488 298 3541 dividerent.
305 3488 420 3542 macule
431 3486 530 3559 aliquot
540 3506 588 3558 pro
596 3504 657 3540 ouu-
699 3485 887 3550 ostendebant,
894 3498 961 3540 unte
971 3506 999 3540 se
1010 3486 1077 3539 risos
1086 3485 1218 3556 predice-

142 3568 420 3641 lisqnoqueeceeptre.
429 3566 482 3621 Sed
489 3567 530 3620 his
538 3566 656 3621 Medusis
701 3564 772 3618 bunt.
784 3564 900 3619 londini
913 3584 985 3618 anno
997 3565 1119 3638 proxime
1130 3566 1219 3637 elapso

142 3664 204 3700 cere
213 3666 249 3701 ne
261 3646 479 3718 magnitudinem
495 3666 551 3699 esse
565 3647 657 3702 eredes
701 3662 791 3697 omnes
800 3644 924 3697 viderunt
936 3662 1016 3716 quum
1022 3649 1131 3712 puellam
1141 3649 1217 3696 mari-

142 3727 245 3798 quiem
269 3726 378 3780 ridetur
406 3726 505 3779 Plinius
530 3725 657 3793 credere,
702 3726 784 3775 rimam
807 3726 885 3791 (mser
896 3728 975 3788 maid)
989 3723 1158 3776 circulatores
1176 3723 1217 3777 di·

143 3806 204 3858 dum
218 3805 315 3860 berum
332 3806 361 3859 in
376 3805 503 3859 hocloco
520 3806 657 3868 meminit,
702 3804 803 3856 cebant.
818 3804 870 3856 Illa
882 3802 993 3856 veronil
1009 3802 1059 3854 fuit
1072 3803 1123 3856 nisi
1134 3803 1217 3857 simin

148 3887 290 3959 metitque
298 3904 443 3957 expresse,
454 3886 498 3939 lib.
510 3886 659 3957 xl11,cap.
704 3902 803 3955 corpus
815 3885 858 3936 cui
869 3884 1004 3956 appositus
1013 3883 1093 3955 piscis
1106 3902 1155 3956 pro
1167 3902 1218 3955 po·

146 3983 191 4028 so,
202 3984 297 4019 esrum
309 3978 402 4018 tamen
416 3964 612 4018 chorsumibus
622 3977 661 4018 snt
705 3964 775 4025 sticis
788 3963 908 4036 pedibus.
921 3964 1036 4016 Curres.

144 4044 660 4119 bnedescriptirmtnosensdistingue·
742 4043 766 4095 3.
793 4044 934 4095 Nereidum.
958 4042 1001 4095 Sic
1020 4054 1102 4113 poetic
1121 4052 1220 4095 vocent

145 4126 345 4179 mesenum.
705 4123 782 4176 Nerei
794 4134 821 4174 et
832 4120 937 4174 Doridis
949 4122 1220 4189 filius,Nueelm,Ku-
1250 4157 1252 4160 -

177 4209 200 4255 6.
214 4210 354 4273 Utrimque.
369 4204 491 4274 Utroque
505 4202 612 4257 modioli
621 4204 660 4258 la·
706 4206 805 4275 μοθόπν,
820 4214 844 4253 et
857 4201 923 4254 elius
935 4201 1088 4273 permultos.
1101 4200 1219 4253 Nereum

1050 4296 1089 4379 1³
