3200 5159
364 463 435 550 334
634 467 674 534 C.
701 465 1005 538 Ρ1111111111.
1033 467 1159 538 HlST.

362 599 424 669 die.
430 601 568 668 Pariunt
580 619 599 666 a
611 600 700 668 coitu
711 600 829 693 quinto
837 586 872 668 ¹⁵.
880 602 1006 669 AEstate
1017 601 1151 695 quidem
1164 601 1334 672 interdum
1342 603 1427 674 binis

362 703 530 775 mensibus
550 719 643 776 terna
659 705 807 774 educunt
817 691 841 731 ¹⁶
854 707 946 801 paria
964 732 972 773 :
991 731 1069 774 nam
1090 705 1220 776 decimo
1235 722 1357 778 octavo
1375 710 1428 779 die

364 811 570 898 excludunt,
605 813 782 906 statimque
808 814 1009 904 concipiunt
1043 815 1158 903 Quare
1191 814 1278 882 iuter
1320 815 1427 909 pullos

366 942 452 1012 saepe
479 943 543 987 ova
565 919 795 1000 inveniuntur,
821 917 929 987 etalii
952 917 1144 1013 provolant,
1165 917 1218 987 alii
1239 936 1427 1016 erumpunt

286 1113 289 1120 Ι
365 1025 434 1118 Ipsi
449 1022 568 1092 deinde
584 1021 665 1117 pulli
681 1023 995 1117 quinquemestrus¹⁷
1016 1023 1186 1094 fetificant.
1207 1027 1252 1093 Et
1272 1026 1351 1119 ipsas
1371 1051 1424 1095 au·

366 1115 465 1200 tem¹⁸
486 1132 572 1198 inter
585 1153 620 1199 se
633 1121 648 1218 (
659 1131 686 1198 si
700 1153 771 1198 mas
790 1154 859 1199 non
878 1124 944 1220 sit)
963 1129 1094 1200 lemine
1105 1155 1199 1224 arque
1218 1129 1361 1218 saliunt,
1378 1158 1429 1227 pa·

367 1237 521 1330 riuntque
538 1259 602 1306 ova
619 1235 731 1320 irrita,
750 1259 791 1304 ex
817 1235 937 1330 quibus
955 1235 1036 1305 nihil
1056 1237 1226 1331 gignitur:
1246 1261 1319 1330 quae
1332 1238 1431 1334 hype-

368 1341 506 1412 nemia¹⁹
522 1341 631 1413 Graeoi
652 1355 785 1411 vocant.

333 1457 349 1513 3
424 1438 538 1542 (ιιι.)
553 1450 643 1516 Pavo
653 1446 678 1476 ²⁰
694 1471 711 1516 a
725 1448 861 1516 trimatu
883 1449 980 1543 parit.
1001 1449 1113 1517 Primo
1134 1471 1223 1517 anuo
1242 1473 1347 1517 unum
1374 1465 1431 1520 aut

365 1555 506 1632 alterum
522 1578 639 1640 ovum,
658 1555 807 1648 sequenti
829 1568 990 1648 quaterna
1006 1555 1169 1649 quinava,
1201 1554 1327 1624 caeteris
1343 1554 1430 1625 dno·

368 1662 472 1749 dena,
486 1685 553 1730 non
565 1658 724 1755 amplius:
744 1660 965 1730 intermittens
975 1660 1071 1729 binos
1082 1661 1151 1729 dies
1164 1673 1319 1731 ternosve
1330 1662 1432 1756 parit,

368 1783 402 1839 et
418 1782 470 1838 ter
486 1791 574 1835 anno
585 1767 620 1851 ²¹,
636 1767 662 1836 si
676 1766 806 1861 gallinis
820 1766 1037 1861 subjiciantur
1053 1766 1250 1836 incubanda.
1266 1769 1377 1836 Mares
1392 1792 1431 1836 ea

367 1875 526 1970 frangunt
545 1870 706 1942 desiderio
727 1872 1001 1942 incubantium²².
1034 1873 1250 1968 Quapropter
1275 1887 1377 1944 noctu
1399 1887 1433 1944 st

367 2121 406 2173 pm
426 2107 475 2153 τῶν
499 2102 561 2150 ὠῶν.
589 2122 601 2144 ι
623 2097 696 2149 Intra
722 2095 878 2150 vicesimum
918 2099 973 2168 lum
993 2114 1074 2169 supra
1093 2115 1156 2162 uos,
1176 2115 1237 2168 cap.
1257 2099 1310 2168 75,
1329 2112 1387 2152 not.
1404 2106 1432 2163 4.

368 2179 441 2234 dium
459 2177 622 2240 absolvitur,
653 2187 680 2228 et
707 2178 840 2229 excutitur
863 2195 879 2230 a
920 2173 1166 2248 Quidam‚utipse
1180 2178 1230 2242 ait,
1243 2194 1302 2249 cap.
1316 2180 1433 2246 instruo

368 2260 444 2333 pullo
466 2253 539 2330 quod
568 2273 649 2308 orum
679 2255 754 2328 prius
775 2253 877 2308 editum
920 2269 1001 2310 vento
1014 2267 1110 2327 putant
1120 2269 1250 2327 generata
1265 2257 1313 2310 Αι.

369 2337 458 2394 litorii.
473 2363 485 2384 ·
509 2335 633 2390 Albortus
653 2335 692 2390 Μ.
713 2332 747 2389 de
762 2335 879 2390 Animal.
963 2353 1006 2388 ιο.
1018 2336 1095 2389 Pavo.
1109 2336 1218 2389 Ariatot.
1229 2336 1328 2390 Histoe.
1342 2337 1432 2391 Anim.

368 2417 417 2472 lib.
429 2417 546 2486 V1‚oap.
560 2413 587 2482 5,
600 2433 629 2488 p.
651 2414 717 2486 195,
729 2412 880 2470 molodiait
921 2415 1037 2476 inluvi.
1053 2433 1110 2488 cap.
1127 2433 1159 2486 7,
1170 2434 1229 2488 pag.
1247 2420 1318 2488 6713
1332 2417 1431 2471 AElluu.

371 2517 419 2553 ιιι
432 2493 485 2550 die.
497 2495 588 2548 litun.
923 2495 990 2548 llist.
1004 2495 1192 2562 Animlihv,
1203 2512 1260 2567 oup.
1270 2495 1433 2562 incolum.

415 2575 458 2631 ¹5.
472 2577 574 2646 Quinto.
593 2574 696 2640 Quinto
710 2586 770 2646 post
779 2571 881 2627 ooitum
922 2575 972 2628 lib.
983 2575 1067 2640 vm,
1085 2593 1144 2646 nup.
1170 2593 1217 2641 ιι,
1231 2593 1292 2648 pag.
1306 2577 1371 2629 301.
1381 2573 1434 2630 Sed

370 2655 424 2711 (lie.
439 2656 564 2709 Albensi
579 2655 632 2708 loo.
647 2653 692 2707 cit.
703 2655 813 2726 septimo
826 2666 882 2707 tun-
924 2653 1086 2708 deonorum
1100 2673 1237 2709 numero·
1248 2654 1338 2709 Plinio
1352 2653 1433 2708 dissi·

370 2751 438 2792 tum.
453 2735 545 2788 litun.
925 2732 997 2788 dent.
1013 2734 1103 2787 ilnn.

415 2819 459 2869 16.
475 2813 672 2866 Temaeducuut.
682 2814 722 2865 lut
733 2809 810 2866 MSS.
825 2829 883 2865 onr-
967 2831 1012 2866 ιι.
1027 2815 1065 2866 Et
1079 2825 1116 2865 ter
1128 2830 1200 2866 anno.
1216 2813 1372 2876 Columellu,
1384 2813 1433 2869 lib.

371 2893 569 2966 nes.1mpressi‚
581 2891 661 2946 edunt.
676 2893 766 2944 litun.
925 2893 1070 2963 tutem.
1087 2909 1133 2958 ιι,
1143 2909 1204 2966 pag.
1215 2894 1267 2948 ior
1277 2911 1285 2959 ς
1296 2891 1435 2957 Palladius,

416 2993 459 3046 ¹7·
495 2973 708 3044 Quinquatruum.
726 2971 881 3024 Aristotelea
924 2973 972 3026 lib.
985 2973 1016 3036 1,
1031 2991 1090 3044 oup,
1107 2974 1158 3037 ιθ,
1170 2991 1230 3044 pag.
1244 2991 1294 3038 ιι,
1308 2974 1372 3027 satit
1381 2973 1435 3026 ele·

373 3067 447 3109 sexto
457 3065 561 3106 tanturn
573 3067 661 3105 mense
673 3051 764 3105 futuru
777 3063 883 3120 tempus
926 3059 1035 3124 gunteri
1060 3079 1072 3100 ·
1083 3051 1111 3106 Si
1122 3070 1171 3105 ova
1182 3071 1320 3124 pavonum
1331 3051 1436 3123 gullinis

373 3133 504 3189 columbis
519 3131 644 3203 assignat:
658 3131 682 3194 ii
694 3138 774 3200 μηνῶν
788 3133 881 3199 tysim
925 3143 1118 3204 supponantur,
1138 3145 1267 3186 excusatu
1284 3145 1381 3186 matres
1400 3132 1435 3184 ab

372 3215 414 3268 καὶ
428 3215 548 3282 luituras.
559 3211 685 3266 Albertus
696 3209 800 3264 loocit.
810 3209 884 3265 «Co-
926 3212 1097 3265 incubatione
1117 3212 1200 3265 tribus
1217 3212 1319 3265 vicibus
1329 3229 1435 3282 perun·

373 3293 465 3346 lumba
475 3303 536 3345 nata
546 3293 574 3344 in
585 3289 691 3362 aprili...
699 3289 794 3362 incipit
803 3309 884 3343 ovare
929 3310 994 3344 num
1008 3291 1075 3344 fetus
1090 3290 1183 3344 edunt.
1200 3315 1212 3338 ι
1225 3292 1315 3344 Ηιιυ.

374 3374 402 3427 in
418 3384 547 3425 autumno
566 3368 772 3440 eludentium,
786 3375 808 3423 ιί
826 3371 885 3423 fue·
969 3389 1016 3424 ιι.
1031 3369 1434 3441 Duiderioiueuiantim.1nrpu⁴

374 3531 409 3586 rit
423 3548 531 3603 pascua.
543 3555 554 3577 ι
570 3535 657 3582 liano.
928 3528 1032 3584 dinibus
1046 3527 1147 3583 (lictum
1160 3542 1210 3588 eat,
1223 3547 1280 3601 cap.
1302 3529 1348 3583 51.
1365 3531 1437 3584 Cau·

418 3615 462 3666 18.
473 3611 512 3662 Et
524 3612 582 3678 ipsu
594 3619 682 3662 autem.
694 3607 803 3662 Aristot.
818 3609 884 3664 llist.
928 3627 983 3664 sam
998 3623 1087 3664 tamen
1109 3609 1186 3662 alium
1206 3610 1282 3662 affert
1294 3609 1437 3674 Albertus,

375 3691 464 3744 Anius.
478 3690 526 3742 lib.
534 3689 585 3753 vl,
597 3707 656 3760 cap.
671 3710 698 3753 ι,
708 3707 766 3761 pag.
780 3693 847 3753 646,
857 3702 885 3744 et
927 3687 962 3743 de
975 3689 1063 3742 Anius.
1076 3689 1124 3742 lib.
1136 3689 1187 3753 vl,
1198 3707 1256 3760 unp.
1273 3695 1301 3753 4,
1313 3708 1341 3760 p.
1359 3689 1413 3759 193
1429 3704 1437 3743 t

375 3789 407 3823 ex
422 3789 454 3823 eo
468 3769 625 3833 Athenaeus,
637 3767 684 3821 lib.
704 3769 755 3832 tx,
769 3787 798 3840 p.
817 3769 882 3839 394.
928 3770 1020 3822 ιΡιιο
1030 3769 1303 3841 mas,inquit‚etiaur
1319 3780 1440 3840 tempora

374 3846 771 3920 Alhertusqnoquedoluim.
783 3849 884 3914 liuvl,
926 3865 981 3920 qno
1002 3850 1101 3902 famina
1122 3849 1194 3901 fovet
1217 3866 1282 3914 ova,
1302 3849 1388 3902 utitur
1407 3867 1439 3902 oa

374 3937 474 4002 capt,
492 3927 736 4001 pag.192.llnn.
927 3927 963 3981 ad
973 3929 1074 3982 coitum
1089 3948 1096 3981 ι
1111 3927 1210 3982 etidao
1225 3928 1314 3982 locum
1334 3929 1362 3982 in
1383 3947 1438 4000 quo

420 4029 463 4081 19.
480 4008 739 4080 ilipaenemia.Gruca
752 4027 805 4060 vox
818 4008 885 4064 inu·
927 4010 1008 4062 cubat
1026 4026 1094 4078 pava
1115 4026 1165 4062 on
1185 4026 1245 4074 sua,
1265 4007 1404 4061 absoondit
1423 4025 1440 4062 ι

373 4091 464 4159 sipia,
481 4089 554 4160 quasi
572 4089 760 4144 subventanos.
783 4087 885 4142 Deliis
927 4105 1051 4159 wana:
1065 4088 1128 4160 quia
1146 4085 1270 4142 coeundo
1289 4105 1439 4160 supereum
