3200 5159
444 591 448 597 ¹
530 512 690 581 nmen
724 516 793 583 1x.
1022 543 1027 551 ·
1151 514 1203 584 ,3-

119 647 278 716 societate
292 644 475 738 piscantur.
494 645 674 714 innumera
685 647 736 716 vis
747 632 932 741 mugilum³
947 660 1034 716 stato
1049 661 1202 742 tempore
1306 735 1309 744 1

121 752 270 847 angustis
290 750 444 819 faucibus
459 737 585 846 stagni⁴
595 753 629 820 in
640 776 732 822 mare
742 754 903 847 erumpit,
916 753 1093 824 observata
1101 769 1201 825 aestus

124 860 396 953 reciprocatione.
416 859 495 947 Qua
513 857 555 927 de
576 882 675 928 cause
693 860 854 955 praetendi
869 885 938 929 non
956 876 1084 955 queunt
1101 863 1200 950 retia,

124 991 213 1061 eque
232 964 361 1035 molem
388 964 544 1059 ponderis
570 962 664 1034 nullo
691 965 793 1037 modo
823 953 1050 1053 toleratura⁵,
1072 969 1200 1038 etiamsi

123 1098 189 1141 non
219 1070 357 1141 solertia
384 1071 557 1141 insidietur
580 1075 733 1167 tempori.
758 1073 862 1143 Simili
890 1076 1019 1143 ratione
1042 1076 1078 1142 in
1096 1074 1200 1144 altum
1219 1099 1233 1131 ²

125 1164 290 1273 protinus⁶
309 1177 463 1266 tendunt,
477 1177 567 1273 quod
582 1178 690 1248 vicino
703 1182 834 1276 gurgite
849 1179 1004 1268 efficitur,
1023 1179 1201 1275 locumque

126 1284 228 1355 solum
251 1285 440 1381 pandendis
452 1284 577 1355 retibus
588 1285 733 1357 hahilem
747 1286 896 1382 effugere
915 1286 1081 1367 festinant.
1098 1288 1202 1377 Quod

125 1392 181 1461 ubi
194 1390 476 1463 animadvertere⁷
498 1392 663 1487 piscentes
682 1383 870 1487 (concurrit
888 1409 1000 1463 autem
1021 1393 1200 1465 multitudo

127 1501 285 1594 temporis
303 1524 423 1595 gnara,
443 1512 477 1567 et
494 1501 599 1593 magis
619 1501 719 1569 etiam
740 1498 919 1596 voluptatis
941 1501 1041 1594 hujus
1057 1490 1199 1592 avida),

128 1621 280 1701 totusque
301 1604 448 1701 populus
470 1630 490 1675 e
507 1603 619 1675 littore
637 1622 763 1701 quanto
784 1622 894 1703 potest
910 1606 1056 1710 clamore
1069 1608 1200 1677 conciet
1231 1605 1235 1611 ’

127 1772 195 1806 nem.
216 1751 269 1807 Sed
288 1751 411 1826 delphini
429 1754 499 1809 nihil
522 1754 639 1811 adrem.
685 1775 774 1829 scopo.
794 1758 892 1811 Sensus
916 1775 973 1809 non
990 1754 1100 1809 arduus.
1124 1755 1198 1817 Etsi,

128 1832 223 1886 Eadem
235 1846 329 1887 tamen
343 1834 378 1887 de
389 1834 512 1907 plurimis
524 1835 590 1890 locis
601 1834 641 1889 di·
684 1834 1142 1909 inquit‚inegressu,eruptioneque
1150 1852 1199 1888 sua

127 1924 183 1975 eu,
202 1913 236 1967 ab
259 1913 368 1967 AEliano
387 1913 432 1967 lib.
453 1916 498 1981 11,
521 1934 579 1987 cap.
604 1916 639 1981 83
682 1915 797 1988 mugiles
816 1934 871 1968 non
892 1914 1062 1968 observarent
1083 1913 1198 1966 naturali

128 1992 270 2064 Oppieno,
290 1992 408 2046 Halieut.
435 1992 482 2047 lih
506 1994 553 2058 V,
577 1993 639 2056 425.
683 1993 801 2067 quadem
824 1994 931 2048 solertia
948 1992 1098 2047 comitantis
1120 2004 1199 2045 estus

128 2073 244 2125 libatus
254 2074 347 2146 Magn.
363 2070 396 2125 de
409 2072 525 2126 Animl.
535 2072 640 2140 XXIV,
681 2075 930 2147 reciprocationem,
955 2092 1009 2147 que
1028 2092 1084 2127 non
1103 2091 1199 2144 parum

128 2152 194 2205 idem
211 2154 249 2205 ait
262 2152 414 2206 factitatum
435 2152 465 2205 in
478 2153 532 2207 oris
546 2153 637 2207 Italiae.
682 2172 775 2207 eorum
788 2156 907 2227 impetus
921 2154 1062 2227 adjuvatur
1078 2170 1086 2203 :
1102 2151 1199 2204 nihilo-

128 2232 542 2299 ernosnumderiscihuih.
555 2231 637 2297 XVI,
682 2233 771 2287 minus
806 2247 909 2289 tantam
941 2233 1039 2287 molem
1069 2230 1197 2305 ponderis

130 2332 155 2384 P·
169 2315 199 2376 8,
210 2313 238 2365 in
257 2312 395 2384 Hispania
412 2312 502 2366 littore
514 2332 572 2367 rem
580 2309 637 2365 lieri
682 2316 749 2370 retia
758 2334 814 2369 non
824 2314 976 2369 tolerarent.
985 2312 1049 2365 vim
1056 2311 1197 2383 mugilum,

130 2393 189 2445 mlr.
198 2393 279 2446 Error
289 2391 354 2446 inde
362 2394 452 2447 forsan
460 2391 639 2461 ortue(utreti
683 2396 726 2451 vel
739 2396 762 2448 si
775 2405 853 2449 reatus
865 2393 933 2447 absit
946 2389 1125 2446 convellendis
1138 2408 1198 2462 per·

129 2486 186 2526 srmt
196 2472 292 2525 Bnrorr
312 2484 340 2527 et
358 2473 475 2542 menno)
493 2472 568 2545 qued
583 2470 638 2525 del·
682 2474 890 2547 rumpendisque
901 2473 1003 2527 retibus
1015 2490 1065 2543 per
1079 2489 1107 2523 se
1123 2468 1197 2523 suffi-

128 2552 214 2624 Pitlssis
231 2551 301 2605 dum
316 2553 450 2625 mugilum
467 2572 560 2625 greges
576 2571 638 2625 per·
682 2553 802 2618 cere‚ita
812 2554 924 2607 omniuo
935 2552 1072 2625 significet.
1082 2548 1167 2603 Hsnn

128 2644 280 2704 sequuntur,
292 2633 326 2685 iis
336 2632 375 2685 ita
385 2633 483 2685 acriter
490 2633 598 2701 instent,
609 2643 639 2684 ut
719 2636 973 2688 coniurationia
986 2636 1064 2684 dmm
1072 2632 1197 2699 protinus.

128 2712 154 2763 in
162 2712 234 2765 unus
243 2724 269 2765 et
281 2722 378 2785 stagna
389 2713 558 2784 coniugiant3
566 2710 638 2765 unde
683 2714 721 2766 Ex
733 2714 951 2787 interpretatione
959 2711 1041 2785 hujus
1049 2709 1102 2765 loci
1114 2728 1198 2782 quam

127 2794 231 2865 pisentio
242 2808 315 2865 sepe
323 2792 466 2866 copiosior.
476 2792 596 2848 Certen.
681 2792 831 2857 iuulimus,
841 2804 950 2866 apparet
957 2791 1035 2844 nihili
1043 2808 1099 2844 esse
1108 2788 1198 2842 Vossii

159 2874 183 2926 3.
202 2876 332 2942 Unguium.
354 2878 403 2925 Des
423 2878 509 2925 mulces
529 2893 539 2923 .·
560 2874 638 2945 cujus
682 2868 1197 2947 conjecturam,in0bserv.adMelam‚

126 2954 225 3024 generis
233 2955 320 3026 pisces
329 2965 452 3025 stagnum
463 2952 492 3007 id
503 2952 638 3025 hodieque
681 2974 743 3027 pag.
759 2972 823 3025 179,
835 2954 962 3027 legentis,
973 2979 986 2999 «
996 2954 1028 3005 ln
1041 2951 1124 3004 altum
1134 2967 1197 3022 pro·

127 3034 249 3105 optimae,
265 3034 452 3106 plurimosque
460 3031 518 3085 alit.
528 3032 620 3086 ilino.
681 3033 752 3086 tinus
764 3031 893 3096 tendunt,
911 3030 1197 3104 quodvicinogurgite

158 3121 185 3177 4.
204 3115 326 3182 Amen}
334 3114 454 3183 saucibus
471 3116 573 3181 stagni,
587 3124 636 3166 ete.
681 3111 848 3184 adfligitur.»
860 3113 948 3165 Henn.

126 3194 176 3247 Eas
190 3195 282 3248 fauces
301 3191 503 3265 islonpessulani
521 3204 637 3261 vocant,
717 3210 742 3263 7.
756 3195 832 3260 Quod
853 3192 896 3241 ubi
918 3194 1128 3251 amedeum,
1143 3200 1195 3241 etc.

127 3281 150 3327 h
160 3278 223 3327 cm
233 3311 241 3337 ‚
251 3278 312 3342 pres
321 3276 354 3324 de
368 3275 504 3341 Mangroeil.
516 3274 616 3325 Duco.
681 3284 732 3326 etc.
747 3271 866 3323 Luxatus
880 3281 919 3325 est
928 3309 936 3335 ,
945 3271 979 3329 ni
996 3270 1085 3335 fallor,
1102 3266 1196 3321 dictio·

159 3356 183 3408 ⁵.
204 3358 287 3422 Eque
309 3356 398 3404 molem
422 3353 540 3421 ponderis
570 3356 638 3405 nulle
680 3370 747 3405 num
755 3368 934 3422 sensuumque
942 3350 1021 3416 ordo,
1031 3346 1198 3420 etpermixte

128 3438 349 3487 maantam.
360 3432 549 3503 interpolatam
554 3431 637 3485 libro·
681 3430 834 3485 asconius·
846 3429 946 3484 omnia.
959 3426 1137 3483 Tolerabilior
1149 3446 1196 3481 eu-

128 3534 182 3568 rum
194 3512 331 3567 editor-rm
341 3512 483 3565 lectionem
495 3530 572 3584 ,qne
582 3523 639 3565 erat
682 3526 738 3567 tem
747 3510 827 3565 lectio
840 3523 865 3563 et
878 3510 976 3563 rationi
988 3510 1071 3580 magis
1083 3526 1196 3562 consen-

128 3590 326 3667 hujuscemodi,
342 3612 399 3660 quoe
419 3596 506 3645 molem
517 3595 637 3661 pondnis
682 3591 751 3647 tiens
758 3590 793 3645 ed
800 3587 1018 3649 huncmodum:
1036 3586 1137 3653 «Quod
1149 3588 1198 3639 nbi

130 3679 174 3725 cllo
186 3676 259 3725 medo
276 3677 402 3736 tolerent,
423 3682 576 3726 nostrorum
591 3690 638 3726 co·
682 3671 765 3725 enirn.
780 3671 929 3743 piscantes,
942 3680 1067 3741 totosque
1080 3666 1196 3739 populns

129 3752 211 3807 dicum
220 3751 290 3817 lide,
304 3754 369 3824 lieg.
381 3770 403 3810 1,
425 3751 543 3806 Colbert.
562 3771 588 3816 r,
606 3772 639 3821 a,
681 3751 831 3822 (concurrit
843 3762 932 3803 autem
941 3746 1086 3802 multitudo
1098 3759 1198 3817 tempo·

130 3832 260 3887 Parisiens.
268 3846 321 3887 etc.
333 3831 510 3896 restituimus,
518 3850 550 3885 ee
561 3833 638 3904 plene
681 3832 719 3885 ris
729 3850 825 3904 gnara,
836 3841 861 3883 et
872 3830 956 3901 magis
966 3830 1044 3883 etiem
1055 3826 1197 3899 voluptatis

132 3912 201 3967 nodo
217 3932 274 3985 quo
295 3911 403 3966 dudum
416 3922 478 3965 ante
498 3931 547 3967 nos
562 3912 637 3966 resti-
681 3910 761 3985 hujus
775 3911 854 3967 avida
867 3910 903 3965 ad
909 3909 1053 3982 spectaculi
1062 3906 1198 3971 eventum)

131 3991 246 4047 tuendm
263 3990 371 4065 scripsit
384 3990 571 4056 llondeletius,
590 3992 636 4047 lib.
682 4009 698 4044 e
724 3991 812 4045 littore
837 4002 938 4063 quanto
965 4000 1053 4061 potest
1082 3986 1198 4040 elamore

132 4071 274 4145 mittin
287 4073 323 4138 8,
339 4068 491 4125 admonitus
500 4072 580 4126 abV.
595 4072 637 4127 Cl.
683 4072 799 4134 conciet,
825 4083 874 4124 etc.
892 4097 906 4117 a
923 4070 1002 4123 Pure.
1021 4099 1057 4110 —
1076 4072 1199 4132 reosque

132 4151 202 4207 Guill.
218 4152 361 4209 pellicerio
371 4151 559 4225 Monspelicnsi
576 4152 638 4225 Epi-
679 4156 807 4222 populus..
819 4189 844 4206 ..
858 4156 966 4205 damn
974 4152 1072 4202 conciet
1078 4151 1199 4199 &monem
