3200 5159
584 521 829 603 Ltnun'xt
952 535 955 544 ·
1159 535 1231 624 431

223 672 368 741 XXVII.
388 658 550 762 (xerunt.)
570 665 771 760 Bombycas¹
788 667 925 736 etinCo
938 663 1044 737 insula
1058 669 1148 739 nasci
1167 683 1237 738 tra·
1260 704 1270 738 ι

171 781 273 862 dunt,
295 778 459 872 cupressi,
481 773 682 856 terebinthi,
705 773 849 860 fraxini,
870 794 1012 867 quercus
1038 775 1156 844 llorem
1176 777 1238 845 im·

170 887 286 956 brihus
306 885 481 953 decussum
497 894 593 948 te'rrae
613 876 735 947 halitu²
751 880 927 949 animante.
943 881 1028 949 Fieri
1042 896 1151 950 autem
1166 883 1239 976 pri-

171 1017 229 1061 mo
243 990 424 1088 papiliones
445 1010 590 1084 parvos,
616 971 827 1080 nudosque³:
847 1011 926 1054 mox
946 985 1107 1082 frigorum
1132 989 1239 1083 impa-

171 1100 287 1167 tientia
307 1082 411 1165 vittis⁴
430 1094 677 1176 inhorrescere,
698 1105 733 1159 et
752 1090 928 1161 adversum
949 1093 1092 1162 hiemem
1111 1095 1239 1164 tunicas

172 1205 233 1273 sihi
247 1207 431 1274 instaurare
439 1201 572 1285 densas,
588 1195 711 1293 pedum
729 1200 904 1292 asperitate
918 1199 1070 1269 radentes
1084 1200 1237 1270 foliorum

172 1309 361 1405 lanuginem
376 1305 499 1377 vellere
516 1328 524 1372 s
541 1306 627 1374 hanc
644 1303 686 1372 ab
703 1303 756 1372 his
779 1290 871 1400 cogi⁵
893 1308 1054 1401 unguium
1076 1309 1238 1376 carmina·

172 1419 280 1503 tione,
295 1441 374 1484 mox
388 1413 477 1483 trahi
495 1415 581 1483 inter
601 1434 728 1496 ramos,
742 1412 870 1480 tenuari
888 1435 948 1481 ceu
963 1413 1104 1507 pectine.
1120 1415 1239 1482 Postea
1257 1444 1271 1476 ι

172 1523 414 1618 apprehensam
428 1519 561 1614 corpori
582 1515 707 1585 involvi
728 1517 808 1585 nido
830 1503 997 1588 votubtlt⁶.
1018 1521 1103 1587 Tum
1122 1519 1164 1588 ab
1178 1519 1239 1588 ho·

208 1674 322 1729 XXVII.
336 1694 359 1729 1.
371 1664 516 1740 Bombycas.
528 1671 617 1724 Tertia
628 1669 685 1722 hec
728 1658 828 1733 clarior,
842 1671 1009 1724 numerosior
1025 1677 1056 1725 a'c
1072 1672 1175 1726 lucilius
1186 1674 1241 1745 glo-

173 1769 214 1810 est
225 1755 379 1828 bombycini
390 1755 494 1827 gestetis
506 1751 616 1824 species,
626 1767 686 1803 neo-
728 1761 856 1802 meretur.
865 1751 905 1803 De
915 1751 958 1803 ills
969 1751 1037 1804 forte
1049 1751 1165 1815 Plinius,
1174 1751 1239 1806 dum

172 1835 238 1888 dum
251 1847 340 1888 tamen
360 1852 392 1888 es
414 1845 466 1898 est,
483 1850 514 1885 es
526 1849 579 1904 qne
600 1828 685 1883 nostri
726 1829 838 1902 Assyrio
847 1831 977 1904 bombyce
987 1832 1024 1885 ait
1032 1832 1119 1904 pueris
1129 1846 1156 1887 et
1166 1827 1241 1886 femi·

172 1913 255 1968 hodic
280 1913 391 1985 opilices
418 1912 531 1965 sericum
559 1909 683 1962 ducunt:
727 1909 769 1961 nis
782 1908 871 1980 adhuc
881 1910 983 1966 cedere.
996 1912 1114 1967 Currus.

174 2013 255 2067 quem
261 1992 447 2049 vetustioribus
455 1991 504 2044 illis
514 1989 686 2054 seculis,snte
765 2007 790 2042 s.
806 1993 887 2040 Terroe
905 1993 989 2043 balim.
999 1991 1039 2044 Ex
1052 1991 1183 2065 corruptis
1193 1991 1240 2046 ha·

172 2063 686 2143 Justinianitempora,incognitamluis·
727 2069 788 2122 rum
812 2067 938 2124 arborum
961 2071 1072 2127 floribus
1097 2075 1169 2127 nasci
1191 2074 1241 2129 hos

173 2172 202 2206 se
215 2153 315 2206 inorbe
327 2168 513 2220 romano,quo
534 2149 685 2203 exSerihus
727 2148 872 2220 bombyces
903 2151 971 2205 Coos
993 2152 1133 2224 significat.
1156 2153 1241 2226 Igitur

172 2227 686 2300 advectasmonachislndisest,scriptis
727 2229 823 2286 nostris
835 2229 914 2301 louge
925 2230 1081 2295 dissimiles,
1098 2247 1241 2306 quantum·

172 2311 283 2366 tradidit
293 2309 454 2382 Procopius,
465 2309 531 2377 Bell.
544 2308 624 2361 Goth.
639 2309 685 2361 lib.
727 2303 792 2362 libet
804 2309 946 2365 Salmasius
956 2311 1114 2383 refragetur,
1133 2312 1160 2365 in
1176 2312 1240 2366 Ter·

172 2393 223 2458 IV,
241 2410 300 2464 cap.
317 2409 358 2462 17,
378 2409 405 2461 p.
421 2390 483 2442 613.
499 2389 579 2441 Fama
594 2400 683 2441 tamen
728 2390 786 2457 tull.
810 2385 844 2442 de
865 2390 960 2463 pallio,
973 2410 1031 2463 pag.
1049 2411 1107 2460 ¹9¹·
1121 2392 1241 2466 bombyx

173 2471 275 2544 aliquid
296 2485 323 2524 et
343 2469 480 2522 auditione
499 2467 631 2539 accepisse
651 2466 686 2520 de
728 2469 800 2521 enim
819 2482 914 2523 nostru
933 2472 1094 2540 tempestatis
1112 2473 1240 2526 vermicu·

173 2551 215 2604 his
234 2549 408 2623 bombycibus
421 2548 471 2614 iis,
489 2565 556 2620 quos
575 2566 685 2600 srsneo·
728 2548 770 2602 lus
779 2561 870 2609 est,ex
877 2567 928 2602 ovo
935 2549 1111 2603 minutissimo
1118 2551 1240 2615 candido,

173 2649 233 2684 rum
242 2649 316 2682 more
323 2628 439 2682 diximus
451 2627 622 2687 telastexere,
630 2625 686 2679 hec
728 2625 802 2699 quod
815 2648 846 2683 ex
858 2647 1006 2700 congessere
1014 2648 1104 2682 verme
1115 2631 1240 2684 irascitur.

173 2710 278 2782 san'icit
294 2727 300 2761 ε
317 2711 373 2760 ι’νιοι
385 2705 472 2776 δὶμὶ
484 2709 538 2766 τοὺς
552 2712 627 2777 Σῆρας
637 2704 685 2757 ἀπὸ
729 2707 760 2760 Id
781 2726 881 2760 novum
895 2719 940 2760 sut
953 2709 980 2760 in
992 2709 1062 2772 sole,
1079 2722 1125 2763 aut
1139 2711 1168 2763 iu
1179 2711 1240 2764 sinu

172 2795 282 2844 τοιούτων
302 2792 386 2861 lrs‘pos
412 2789 477 2849 (dos
498 2788 608 2858 ἀθροίζειν
628 2785 686 2856 φασὶ
729 2787 830 2840 fovent.
845 2787 987 2840 Exclusum
999 2788 1175 2842 vermiculum
1189 2790 1240 2842 im·

172 2869 353 2939 τὰῦφᾶσμιτα.
368 2893 380 2915 ι
390 2866 459 2920 Sunt
473 2867 549 2919 etiam
563 2865 686 2920 nonnulli
728 2879 834 2940 ponum
847 2866 918 2920 foliis
933 2867 1001 2920 mori
1014 2867 1095 2932 albos,
1113 2883 1143 2923 ut
1156 2869 1242 2924 cuivis

173 2950 222 3021 qui
242 2950 317 3003 Seres
342 2945 450 3001 trudant
470 2946 596 3017 colligere
621 2947 685 3003 telas
728 2959 822 3022 notum
840 2958 888 3000 est.
901 2947 992 2999 Esau.

175 3026 347 3082 sussshaliis
355 3024 686 3099 quibusdamsnimelibus
765 3027 789 3080 3.
805 3029 949 3094 nodosque.
972 3024 1054 3080 Nullo
1077 3026 1156 3096 plane
1177 3028 1241 3083 villo

175 3105 368 3181 hujuscemodi.
379 3131 392 3150 .
415 3106 513 3159 Notum
531 3103 686 3176 Hieronymi
726 3105 816 3177 pilose
826 3117 886 3158 cute
898 3107 1002 3160 obtecta
1016 3124 1023 3158 :
1038 3107 1119 3160 nullis
1132 3126 1241 3182 quoque

175 3187 252 3242 Vidn
272 3187 306 3241 de
318 3183 449 3258 bombyce
463 3203 580 3238 carmen.
595 3180 684 3240 titan
728 3185 776 3240 alis
789 3186 891 3240 vestita.
910 3187 1001 3240 llsnn.

174 3298 210 3308 -
226 3269 360 3334 Bombycas
379 3280 404 3317 es
419 3268 446 3316 in
467 3271 508 3318 co.
526 3260 596 3317 Hinc
611 3262 685 3317 vides
763 3266 1028 3331 4.Villis.Erucarum
1040 3267 1239 3332 mosellorum,

174 3347 282 3401 Grecos
293 3345 380 3400 erucis
394 3344 449 3398 suis
463 3363 524 3397 usos
538 3356 563 3396 et
579 3343 685 3398 illarum
728 3357 773 3397 sut
785 3346 910 3398 similium
930 3357 1002 3399 certe
1023 3364 1166 3400 erucarum
1186 3366 1241 3402 ma·

175 3439 245 3489 sets,
259 3425 342 3480 immo
359 3439 502 3499 quaternus
520 3425 629 3478 srbores
644 3425 685 3478 his
727 3444 795 3496 gnus
822 3443 878 3478 esse
902 3424 1002 3478 dicitur
1028 3425 1101 3496 apud
1120 3427 1242 3482 Sinenses

175 3507 281 3560 insectis
295 3507 437 3561 instructas
449 3507 538 3568 luisse,
555 3523 684 3578 quercum
727 3516 870 3577 proventus
885 3516 929 3556 :st
938 3504 1082 3576 bombyces
1091 3507 1172 3559 nostri
1187 3525 1241 3560 nou

174 3604 272 3657 nempe
289 3598 315 3638 et
327 3586 476 3653 fraxinum,
491 3604 646 3659 cupressum
659 3597 686 3639 et
728 3583 765 3637 its
776 3583 860 3638 villosi
874 3582 984 3655 pilosius
997 3596 1067 3637 sunt.
1080 3585 1173 3638 Hssn.

176 3665 366 3718 terebinthum.
377 3664 515 3738 Quidquid
526 3667 552 3718 in
564 3665 607 3719 bis
626 3665 686 3739 pin·
765 3663 789 3716 5.
802 3669 876 3714 Hane
889 3665 921 3713 ab
932 3665 969 3714 bis
983 3665 1049 3731 cogi.
1060 3662 1170 3717 Addunt
1179 3665 1242 3718 libri

175 3741 269 3817 gendis
279 3757 305 3797 et
314 3743 532 3816 repraesentandis
540 3744 685 3798 obscurum
728 3742 805 3808 editi,
815 3745 958 3811 subigique:
970 3761 1050 3814 quern
1061 3762 1153 3797 vocem
1166 3745 1241 3800 MSS.

176 3825 223 3887 sit,
237 3822 359 3876 dubitare
376 3843 431 3877 non
444 3843 584 3895 possumus
595 3841 687 3877 erucas
730 3823 797 3876 nulli
812 3834 966 3895 agnoscunt.
990 3821 1113 3876 Proxime
1133 3841 1241 3894 quoque

175 3904 283 3974 signari.
296 3902 381 3956 Hodie
389 3903 432 3956 ills
440 3904 541 3976 species
550 3922 631 3975 quam
640 3903 688 3957 alit
729 3903 813 3975 prius,
825 3906 967 3972 lanuginem
981 3907 1081 3968 vellere,
1092 3922 1125 3954 ex
1135 3901 1239 3964 iisdem,

176 4001 267 4036 morus
277 3982 336 4035 alba
347 3983 364 4035 J
366 3983 512 4036 ustinianea
528 3996 604 4037 etate
619 3982 689 4036 Con·
730 4001 786 4035 non
805 3986 831 4034 ir
843 3987 939 4036 avellere
952 3981 1114 4052 scripsimus.
1131 3981 1221 4034 Hsnu.

176 4061 372 4133 stantiuopolim
378 4061 578 4116 delstscseteras
587 4057 687 4115 inobli-
767 4066 793 4116 6.
805 4065 871 4114 Nido
883 4064 994 4114 volubili.
1011 4061 1122 4131 Lanugo
1135 4067 1242 4132 corpori

177 4144 247 4197 sium
260 4142 387 4208 detrusit3
407 4161 468 4197 rtem
482 4143 551 4197 illius
565 4155 616 4197 seta
632 4143 687 4214 pul·
731 4139 849 4198 involute
861 4139 956 4194 nidum
970 4152 1091 4202 oretum,
1106 4139 1162 4192 sire
1172 4140 1243 4193 totti-
