3200 5159
587 507 747 576 LIBER
765 508 815 574 X.
1165 507 1234 580 253

164 637 235 707 lere
251 622 384 708 ansere³
405 638 559 707 minores.
580 639 688 707 Decet
708 624 895 708 tetraonas⁴
911 663 990 709 suus
1008 621 1116 726 nitor,
1133 642 1233 712 abso-

164 741 299 838 lutaque
317 744 467 838 nigritia,
487 745 521 812 in
543 742 724 838 superciliis
740 745 832 814 cocci
850 744 963 814 rubor.
993 744 1144 816 Alterum
1170 773 1231 819 eo-

163 874 239 918 rum
258 873 363 944 genus
384 847 556 920 vulturum
579 850 842 944 magnitudinem
869 851 1018 938 excedit,
1038 878 1178 946 quorum
1198 869 1233 925 et

163 954 311 1026 colorem
337 941 471 1026 reddit⁵.
495 957 568 1025 Nec
586 953 653 1025 ulla
673 953 761 1044 ales,
780 971 919 1052 excepto
938 951 1231 1048 struthiocamclo,
1285 948 1288 954 ⁵

163 1061 271 1156 majus
292 1085 433 1156 corpore
454 1059 596 1156 implens
618 1061 764 1156 pondus,
785 1064 820 1130 iu
842 1076 971 1132 tantum
993 1079 1108 1149 aucta,
1132 1078 1169 1135 ut
1196 1068 1230 1136 in

163 1180 253 1236 terra
270 1191 403 1262 quoquc
424 1165 603 1238 immobilis
621 1167 857 1263 prehendatur.
872 1170 1025 1264 Gignunt
1037 1194 1094 1240 eos
1111 1170 1228 1267 Alpes,
1247 1205 1263 1238 s

163 1287 197 1342 et
223 1272 498 1368 septemtrionalis
522 1275 625 1369 regio.
648 1276 689 1342 ln
714 1259 866 1343 aviariis⁶
892 1299 1043 1369 saporem
1072 1277 1227 1371 perdunt.

163 1379 357 1448 Moriuntur
372 1381 580 1449 contumacia
591 1381 707 1474 spiritu
722 1394 888 1450 revocato.
902 1383 1063 1450 Proxime
1077 1384 1123 1451 eis
1132 1398 1228 1472 sunt,

163 1509 246 1580 quas
267 1488 427 1582 Hispania
448 1509 525 1556 aves
549 1485 672 1556 tardas⁷
693 1485 853 1582 appellat,
875 1488 1003 1558 Graecia
1026 1488 1149 1574 otides,
1171 1489 1229 1558 da·

163 1656 253 1732 in·4⁰,
272 1686 332 1739 pag.
353 1665 425 1736 196)
440 1686 447 1720 :
465 1694 476 1716 ι
490 1669 529 1720 Ls
546 1667 673 1735 souchet,
718 1668 753 1726 V.
765 1687 826 1739 cap.
846 1687 888 1724 rr.
904 1687 948 1742 coq
962 1669 992 1720 da
1004 1668 1071 1734 bois,
1085 1681 1130 1723 aut
1141 1673 1228 1738 saissa

162 1745 213 1810 ait,
223 1747 291 1799 estle
301 1747 423 1800 meilleur
434 1759 460 1800 et
467 1749 493 1800 le
501 1749 564 1818 plus
577 1747 675 1802 delicat
718 1747 843 1820 bruyaut:
856 1747 900 1799 cui
917 1748 1086 1820 appellationi
1096 1751 1229 1804 stabilien-

163 1823 210 1878 des
221 1825 330 1880 mards
341 1843 348 1878 ε
360 1826 379 1879 ἱΙ
391 1825 476 1897 prend
488 1827 626 1898 beaucoup
639 1827 674 1880 de
716 1825 758 1880 dar
769 1827 898 1898 prolixam
913 1829 1135 1882 concertationem
1154 1830 1228 1884 inati-

162 1905 260 1976 graiae
275 1923 308 1958 en
323 1905 414 1970 hiron
427 1925 454 1960 sa
466 1907 540 1960 cheir
558 1918 597 1961 est
617 1919 674 1960 teu·
717 1907 768 1958 tuit
783 1905 989 1970 Alamannus,
1005 1906 1142 1962 Ornithol.
1155 1909 1226 1963 libro

163 1982 212 2038 dre
223 1998 249 2038 et
257 1985 417 2040 succulenta.
432 2010 442 2032 ι
457 1987 526 2040 Nota
537 2005 591 2040 uon
605 1987 675 2040 bene
716 1985 865 2056 X111,cap.
879 1989 909 2051 6,
920 2003 981 2056 pag.
994 1987 1040 2055 59.
1052 1987 1225 2054 Teutonum,

161 2064 221 2118 viro
230 2064 338 2118 citatum
349 2064 630 2130 Plinium,relatoloco
639 2065 675 2119 ad
718 2082 778 2118 eum
792 2065 950 2136 pavonibus,
970 2066 1115 2138 phasianis,
1128 2066 1225 2120 Melea·

71 2189 74 2194 ,
163 2143 383 2216 chenalopecem,
407 2143 473 2198 ibid.
501 2163 561 2216 pag.
589 2147 640 2198 208
664 2164 672 2198 s
718 2143 856 2215 gridibus,
883 2142 1095 2216 Numidicisque,
1124 2146 1224 2200 mentio

166 2247 178 2270 ι
192 2221 330 2277 Suariores
349 2224 441 2296 epulas
464 2224 528 2278 olim
548 2225 672 2278 chenalo·
716 2223 787 2296 apud
803 2224 1000 2278 Suetoniumin
1017 2225 1150 2295 Caligula,
1163 2244 1224 2298 pag.

162 2320 227 2372 prce
235 2321 290 2357 nou
302 2315 410 2358 notent
422 2303 581 2358 Britannia·
593 2302 673 2357 Unde
718 2321 763 2357 aa.
773 2303 1028 2358 H.-Decet...sacca'
1039 2304 1120 2358 rabor.
1136 2307 1224 2358 Tetrao

163 2399 304 2454 perperam
321 2384 366 2436 ille
385 2381 497 2438 credidit
514 2384 672 2454 chenalopc·
715 2387 787 2436 tetris
799 2382 879 2435 Linn.
894 2379 976 2445 (Buff.
987 2384 1041 2436 eul.
1052 2375 1120 2454 175)
1135 2385 1223 2456 sigua-

161 2479 221 2516 cem
238 2479 299 2515 cum
312 2475 387 2518 anate
402 2464 523 2536 clypeata
538 2461 670 2517 eumdem.
715 2473 758 2516 tur
786 2462 830 2515 cui
853 2462 962 2534 vulgare
988 2480 1087 2516 nomen
1116 2485 1160 2536 cop
1193 2465 1224 2518 da

163 2540 247 2596 Causa
266 2543 364 2596 erroris
383 2556 437 2607 est,
464 2540 538 2614 quod
556 2561 612 2596 non
639 2561 671 2596 cx
714 2541 1225 2615 bruyeredqueusfourclsue.l)e,censni·

162 2619 221 2691 ipso
243 2621 330 2674 Plinio
356 2623 436 2675 verba
460 2622 596 2688 hauserit,
625 2621 671 2676 sed
713 2639 777 2692 μοι
791 2621 865 2674 hunc
875 2620 1054 2688 commendat,
1066 2640 1098 2676 ac
1112 2623 1221 2679 coccina

163 2717 194 2754 ex
216 2699 406 2769 Aldrorando,
427 2701 535 2755 Ornith.
550 2703 596 2756 lib.
614 2703 673 2766 111,
714 2700 994 2771 superducerem.

162 2799 224 2851 pag.
238 2783 286 2834 161
298 2801 306 2836 s
319 2782 478 2851 eopericulo
489 2782 591 2836 laborat
598 2781 671 2854 quis·
754 2779 780 2833 5.
792 2780 902 2833 Almus
908 2799 998 2832 maras.
1008 2781 1180 2834 Tetraonuru.
1189 2781 1223 2835 ld

161 2860 223 2930 quis
246 2859 280 2912 ad
304 2879 393 2916 rerum
418 2862 503 2916 fontes
525 2860 595 2931 ipsos
616 2879 670 2914 non
713 2875 768 2912 esse
785 2859 873 2911 avium
889 2879 985 2931 genus,
1004 2879 1070 2931 quas
1089 2860 1160 2912 Galli
1177 2881 1221 2913 ou·

161 2939 326 2994 revolvitur!
342 2941 457 2994 Cuvrn.
715 2939 793 2990 tardes
811 2950 922 2996 vocant,
944 2940 1039 3010 primu
1056 2938 1223 2993 commenda·

204 3019 232 3074 3.
247 3019 362 3072 Ansers'ru'
376 3023 470 3089 generis
488 3032 544 3073 srutt
558 3021 669 3072 muso·
713 3016 936 3072 tinuisindeliciis
945 3019 1097 3090 epularum,
1107 3019 1222 3090 suntqui

157 3117 228 3168 pecca
247 3117 257 3150 .·
277 3111 329 3152 et...
350 3100 494 3164 okenerctes,
512 3102 567 3167 sm
589 3119 670 3152 ansere
711 3097 874 3150 arbitrentur
889 3099 990 3160 :falso,
1003 3109 1034 3150 ut
1046 3099 1173 3151 arbitror.
1184 3099 1227 3152 Η..

162 3181 271 3230 saluom.
286 3180 324 3232 Ita
338 3179 520 3250 rescripsimus
540 3197 572 3232 ex
593 3178 668 3234 MSS.
712 3178 1015 3231 -Alteruru...colosem
1030 3177 1116 3231 reddit.
1132 3179 1222 3230 Tremo

161 3259 227 3328 Reg.
248 3274 272 3320 r,
288 3277 317 3316 a,
339 3259 416 3312 Colb.
433 3277 465 3325 r,
485 3276 519 3323 a,
542 3259 624 3312 Paris.
645 3272 670 3312 et
712 3251 1010 3326 umgallushihn.(Bulf.
1024 3245 1134 3327 eul.73)
1148 3258 1220 3329 vulg.

161 3349 214 3390 ret.
228 3337 358 3392 Dalec.1n
367 3337 455 3400 editis,
465 3341 523 3406 sero
531 3357 622 3390 amere.
634 3339 671 3390 At
710 3337 794 3406 grand
807 3355 851 3409 coq
866 3335 896 3386 de
913 3336 1025 3409 bruytn,
1038 3336 1085 3406 qui
1100 3336 1222 3390 maximas

161 3416 246 3470 l'erum
259 3433 377 3470 anscmm
386 3436 436 3471 uec
449 3415 545 3472 dixisse
553 3417 669 3470 Plinium
712 3427 830 3479 staturas,
846 3415 916 3467 l'urvi
933 3415 1030 3468 coloris
1052 3433 1083 3468 ac
1100 3415 1222 3470 rubentis

159 3507 240 3566 puto.
252 3514 302 3550 uec
311 3509 548 3568 certoquemquam
556 3487 669 3551 coiisse.
711 3495 847 3568 supercilii
858 3506 905 3547 est.
918 3495 1036 3547 Curras.

160 3575 354 3647 chenalopeces
363 3595 454 3630 ansere
463 3577 669 3645 minoremxusls
753 3578 779 3628 6.
804 3575 836 3626 Iu
859 3576 966 3626 usuriis.
980 3573 1091 3627 Ariaria
1110 3575 1221 3645 proprie

161 3656 321 3726 βραχυτέρους
342 3655 405 3710 facit
423 3655 542 3710 AElianua
561 3657 670 3729 pariter,
712 3671 766 3707 esse
782 3653 904 3706 nantium
921 3654 1074 3716 volucrum,
1091 3671 1150 3724 quas
1166 3665 1221 3708 sta·

160 3731 228 3788 Hist.
242 3735 330 3788 Anim.
341 3735 388 3788 lib.
399 3735 435 3800 V,
443 3752 501 3806 cap.
516 3735 559 3790 3ο.
568 3736 670 3801 Quam·
712 3734 770 3804 gnis
780 3733 942 3805 piscinisque
953 3734 1082 3794 laetantur,
1095 3751 1128 3785 ex
1138 3733 1222 3786 Colu-

158 3814 251 3866 obrem
265 3813 299 3868 ad
312 3826 454 3886 utrumque
464 3833 561 3886 genus,
571 3815 668 3884 chena-
711 3813 790 3865 mella
806 3810 945 3878 discimus,
955 3812 1004 3864 lib.
1015 3811 1100 3875 vm,
1111 3829 1134 3864 c.
1150 3827 1175 3864 1.
1184 3813 1221 3865 Η.

157 3892 281 3965 lopecum
302 3906 329 3946 et
352 3894 541 3958 chenerotum,
572 3895 667 3950 referri
751 3911 777 3962 7.
787 3893 891 3946 Tardus.
903 3891 1017 3945 Deots'ds
1026 3890 1134 3943 tardaL.
1142 3891 1223 3962 vulgo

156 3971 214 4026 hac
232 3974 348 4027 clausula
367 3974 556 4044 percommode
572 3986 664 4046 potest.
711 3971 1221 4040 orstarmmerteestsermomuanquam

157 4052 248 4106 Haan.
711 4052 777 4105 falso
803 4053 893 4106 asserit
917 4051 1014 4106 Noster
1038 4062 1066 4103 et
1088 4049 1224 4118 ingratum

201 4139 228 4196 4.
245 4133 319 4184 Decet
330 4143 458 4186 tetraonas.
470 4133 605 4196 Bellonio‚
618 4132 664 4185 lib.
710 4131 799 4184 eibum
817 4132 891 4184 illius
910 4148 1018 4182 carnem
1037 4143 1063 4183 et
1079 4147 1095 4180 e
1106 4127 1225 4183 medulla
