3200 5159
367 518 436 589 ηε
640 523 679 589 c.
707 521 875 592 PLINII
899 521 1003 590 uss.
1031 503 1158 587 assu

367 653 570 724 arundinetis
592 656 738 726 excitant
763 677 862 724 aves:
881 653 929 722 illi
958 652 1208 748 supervolantes
1230 649 1432 745 deprimunt.

366 763 494 830 Rursus
517 775 630 856 captas
651 785 796 854 aucupes
821 760 975 829 dividunt
1000 783 1077 828 cum
1102 759 1149 827 iis.
1170 757 1345 826 Traditum
1363 773 1432 846 est,

366 869 480 937 missas
503 869 537 936 in
562 866 702 936 sublime
723 867 784 936 sihi
804 867 955 962 excipere
972 890 1030 935 eos
1049 887 1057 930 ε
1078 879 1113 934 et
1127 888 1230 958 quum
1246 879 1376 960 tempus
1390 867 1434 935 sit

366 990 524 1069 captura,
530 973 685 1068 clangore
692 997 731 1042 ac
737 971 866 1042 volatus
878 993 999 1067 genere
1010 973 1151 1040 invitare
1157 970 1198 1038 ad
1212 972 1431 1040 occasionem.

367 1078 480 1150 Simile
504 1079 679 1174 quiddam¹
703 1079 772 1173 lupi
789 1079 833 1148 ad
854 1079 992 1148 Meotin
1012 1075 1167 1172 paludem
1185 1076 1322 1146 faciunt·
1344 1080 1453 1170 Nam·

367 1187 429 1256 nisi
444 1200 572 1281 partem
588 1211 607 1254 a
622 1185 826 1282 piscantibus
848 1209 941 1254 suam
963 1194 1138 1280 accepere,
1156 1207 1300 1278 expansa
1315 1208 1432 1252 eorum

367 1295 449 1362 retia
464 1292 619 1361 lacerant
633 1275 951 1386 Accipitres³aeium
961 1315 1029 1359 non
1044 1288 1147 1358 edunt
1160 1287 1270 1358 corda.
1287 1291 1432 1359 Noctur-

367 1385 451 1468 nus⁴
472 1400 628 1493 accipiter
648 1387 808 1492 cymindis
836 1411 994 1480 vocatur,
1014 1420 1109 1465 rarus
1131 1397 1231 1464 etiam
1260 1395 1294 1491 ip
1318 1395 1432 1480 silvis,

366 1623 422 1666 oter
432 1609 599 1663 Aristotelem
609 1608 687 1679 plane
696 1609 793 1673 refert,
804 1605 877 1679 apud
920 1605 1253 1676 sinnaritamplissimnrn,
1260 1623 1339 1704 (prem
1348 1601 1433 1658 edidit

354 1687 878 1760 =Stephnnnmfamiliaremsuumlegisse
920 1684 1097 1750 Sounion,
1115 1703 1129 1736 a
1148 1685 1201 1740 vol.
1217 1686 1272 1760 ima
1292 1685 1432 1737 .Cnvm.

366 1769 523 1822 Hermolaus
537 1767 639 1840 potuit,
658 1785 712 1820 non
726 1768 808 1820 semel
819 1785 879 1820 eam
963 1785 990 1818 s.
1004 1763 1088 1818 Simile
1096 1765 1219 1837 quiddam.
1228 1765 1309 1818 Arist.
1322 1765 1373 1818 loc.
1384 1764 1431 1816 cit.

366 1847 589 1918 conscriptionem
601 1865 650 1917 pro
662 1847 826 1900 Aristotelica
840 1846 879 1900 ei·
920 1861 980 1916 pag.
994 1847 1074 1899 1081.
1085 1844 1235 1916 Stephanus
1244 1842 1279 1896 de
1292 1844 1359 1896 Urb.
1370 1861 1434 1914 pag.

368 1929 427 1982 tati.
437 1928 469 1980 In
480 1946 512 1980 eo
525 1927 606 1999 igitur
616 1927 671 1980 siue
684 1925 878 1996 Theophrasti,
922 1929 985 1994 607,
1003 1936 1030 1976 et
1044 1924 1180 1990 AElianus,
1193 1924 1263 1977 llist.
1280 1924 1368 1977 duim.
1384 1923 1431 1974 lib.

369 2027 414 2062 seu
430 2007 580 2061 Aristotelis
589 2024 671 2076 opere
680 2007 760 2058 verba
774 2006 831 2058 haro
843 2006 880 2058 le·
922 2004 979 2069 v1,
998 2021 1057 2074 cap.
1079 2004 1126 2056 65.
1145 2003 1244 2057 Irridet
1263 2003 1389 2055 Albertus
1405 2013 1433 2054 et

368 2106 413 2161 ges
432 2105 439 2139 :
460 2085 644 2139 ·1n'rhrscia
665 2103 745 2156 snper
764 2084 879 2155 Amphi·
922 2082 1039 2136 labnlam
1059 2095 1146 2154 putat.
1169 2084 1230 2136 Non
1251 2096 1337 2135 tamen
1357 2100 1436 2152 supe·

369 2167 445 2240 polin
451 2166 604 2236 contingere
611 2176 788 2218 monstrosum
796 2162 880 2235 quod·
923 2174 964 2216 rat
977 2161 1057 2216 fldem
1073 2175 1119 2216 ant
1131 2163 1198 2216 retia
1214 2163 1292 2233 lupos
1304 2162 1434 2230 laceram,

370 2247 431 2300 dnm
454 2258 577 2310 narrant,
603 2261 684 2314 supra
701 2260 784 2316 quam
806 2242 880 2296 credi
922 2241 1007 2296 odom
1019 2242 1247 2296 sollicitatoszaut
1261 2239 1355 2294 iisdem
1371 2259 1434 2311 par·

370 2338 450 2398 queat
464 2325 497 2378 ab
511 2325 552 2378 his
563 2324 610 2396 qui
622 2325 723 2394 experti
738 2342 793 2386 nors
807 2335 880 2388 sunt.
922 2339 999 2384 cere,
1009 2323 1032 2374 si
1044 2322 1172 2391 palnslunr
1183 2321 1365 2374 eihirelictum
1375 2339 1433 2374 sen·

371 2404 535 2460 Prodeantes
552 2403 623 2456 enim
649 2421 746 2474 pueros
765 2423 797 2456 ex
817 2402 882 2456 sicis
923 2402 1000 2454 tiant.
1014 2402 1106 2454 Hsnn.
1169 2454 1171 2461 ,

371 2485 578 2555 regionibusque
598 2481 718 2536 finitimis
742 2481 775 2536 ad
800 2500 882 2536 ancn-
965 2487 991 2534 3.
1008 2481 1151 2551 Accipitm.
1164 2479 1247 2534 Arist.
1260 2479 1329 2534 nist.
1341 2479 1433 2532 Anim.

372 2566 447 2638 pium
462 2564 622 2616 avicularum
636 2561 664 2614 in
679 2562 829 2616 societatem
842 2580 883 2615 ao·
922 2560 971 2614 lib.
983 2562 1023 2616 1x
1030 2599 1039 2626 ,
1049 2578 1108 2631 cap.
1122 2566 1173 2624 ιδ,
1185 2577 1246 2630 pag.
1259 2560 1340 2622 10⁴3.
1351 2559 1435 2629 Negat

373 2644 481 2714 cipitres
495 2653 644 2708 assumunt,
662 2653 714 2696 etc.
724 2635 741 2690 ι’
753 2641 883 2694 Pisin-
924 2653 1012 2692 antem
1028 2637 1057 2692 id
1070 2657 1128 2692 esee
1144 2655 1238 2692 verum
1256 2639 1380 2692 Albestus
1394 2640 1433 2690 Μ.

373 2724 459 2777 Porro
471 2723 527 2776 hnc
537 2720 573 2774 de
583 2719 681 2785 Circo,
692 2721 738 2792 qni
750 2720 884 2789 accipitris
924 2719 994 2773 libro
1008 2720 1088 2784 VIII,
1103 2731 1183 2773 tract.
1200 2737 1231 2783 a,
1246 2736 1305 2788 cap.
1318 2719 1352 2783 3,
1371 2736 1432 2788 pag.

375 2801 510 2874 quoddam
522 2813 663 2872 estgenus,
673 2793 884 2868 etabEustathio
926 2798 992 2863 254.
1006 2800 1039 2851 In
1049 2797 1154 2852 siberti
1171 2798 1324 2851 sententiam
1338 2815 1435 2850 conoe·

375 2883 404 2936 in
419 2880 564 2952 Odysseam
580 2885 614 2941 t,
629 2898 689 2950 pag.
709 2879 802 2950 1734,
817 2874 884 2947 ilinc
926 2876 967 2931 dit
975 2876 1318 2944 Aldrosandus,0rnithol.
1329 2877 1375 2932 lib.
1385 2877 1435 2940 tv,

376 2965 609 3033 liparae'vocatnr,
622 2959 700 3013 Plaile
710 2960 805 3018 refert.
815 2958 885 3012 libro
925 2976 986 3028 pag.
1008 2977 1078 3027 spo,
1091 2958 1137 3029 qni
1147 2955 1227 3010 corda
1243 2957 1331 3010 avium
1346 2958 1380 3010 ab
1393 2975 1435 3010 ae·

376 3041 411 3094 de
432 3042 527 3111 Prope.
543 3039 631 3092 anim.
648 3057 710 3109 cap.
733 3037 768 3092 de
787 3038 884 3104 circis,
926 3038 1021 3108 cipitre
1034 3037 1159 3106 depasta,
1171 3037 1296 3109 qneipse
1308 3054 1434 3108 porrexe-

376 3139 439 3192 pag.
459 3119 505 3174 56.
526 3117 597 3171 Vide
604 3131 642 3172 ·et
666 3117 799 3171 AElianm
817 3117 884 3173 Hist.
926 3129 981 3182 rat,
997 3116 1094 3172 vidisse
1108 3129 1236 3170 testatur:
1257 3129 1284 3170 et
1300 3115 1435 3187 Scaliger,

377 3201 472 3252 Anim.
487 3200 535 3252 lib.
551 3197 593 3262 Π,
612 3215 671 3270 cap.
688 3204 734 3261 4²·
746 3197 885 3252 Hanu.—
927 3195 961 3265 ad
969 3195 1052 3249 Arist.
1064 3197 1112 3249 lib.
1125 3197 1169 3261 ll,
1179 3215 1238 3268 pag.
1253 3204 1316 3266 adp.
1328 3197 1435 3268 Agebat

378 3279 494 3334 Homines
514 3289 585 3350 atque
603 3281 743 3349 accipitres,
767 3290 818 3332 etc·
841 3279 884 3331 Eu
926 3277 1043 3329 fortassis
1056 3288 1114 3328 tnrn
1129 3293 1205 3328 avem
1219 3294 1278 3330 eam
1291 3275 1435 3329 vehemen-

376 3361 431 3430 jsm
448 3375 546 3430 pauca,
567 3355 614 3411 sed
633 3376 712 3429 quam
731 3358 829 3428 pauca!
850 3355 885 3410 de
925 3356 979 3409 tior
991 3355 1082 3409 fama.
1095 3355 1185 3408 llaan.

378 3438 553 3510 accipitraria.
564 3437 661 3491 Natum
669 3436 697 3489 id
704 3436 765 3490 artis
774 3437 802 3490 in
809 3437 883 3499 Asia,
969 3441 995 3498 4.
1016 3435 1162 3488 Nocturnus.
1173 3435 1237 3488 llaec
1246 3433 1436 3490 habetAristo·

378 3531 444 3572 teste
464 3518 553 3572 Ctesia
572 3517 619 3588 qui
636 3517 738 3588 primus
756 3514 791 3568 de
810 3517 884 3570 hac:
926 3514 1114 3578 teles,llistor.
1126 3515 1305 3586 lib.1X,cap.
1318 3532 1364 3584 17,
1374 3532 1434 3584 pag.

376 3597 460 3660 ludi,
487 3598 544 3661 ait,
570 3608 700 3650 venantur
725 3596 832 3666 lepores
857 3607 886 3649 et
930 3598 1013 3658 1046.
1040 3596 1072 3648 In
1091 3595 1239 3666 aquitarum
1259 3611 1356 3665 genere
1375 3611 1438 3646 oen·

375 3678 485 3748 vulpes,
498 3696 554 3730 non
569 3694 665 3730 eanum
680 3694 749 3746 ope,
763 3675 810 3728 sed
827 3693 886 3728 coss·
927 3675 979 3726 sen'
991 3675 1025 3727 ab
1039 3672 1136 3726 eodem
1147 3673 1309 3744 Philosoplm
1319 3671 1433 3731 videtur,

375 3773 484 3821 vorum,
499 3757 652 3821 milvorum,
664 3755 800 3808 cornicum
811 3753 886 3826 aqui·
928 3770 987 3824 cap.
1003 3759 1050 3824 6¹1,
1063 3771 1123 3824 pag.
1137 3771 1225 3823 1⁰7²?
1236 3752 1372 3822 accipitris
1381 3770 1436 3806 nra-

373 3837 525 3908 lsrumque.
539 3837 593 3902 Qui
607 3836 656 3889 snb
665 3853 743 3888 cruce
753 3834 883 3889 militare·
927 3832 1078 3904 gnitudine,
1089 3851 1148 3903 pag.
1164 3836 1247 3895 tolli.
1261 3833 1301 3883 Do
1311 3831 1436 3884 eomulta

303 3931 307 3940 '
371 3930 446 3980 runt,
459 3916 521 3970 etin
531 3915 624 3987 primis
632 3915 717 3986 impp.
726 3911 883 3968 Frederieus
927 3912 1119 3965 Euststhiusin
1141 3910 1218 3964 Iliad.
1236 3915 1268 3973 Ξ,
1287 3928 1347 3982 pag.
1368 3910 1434 3980 986.

309 4034 314 4041 -
368 3997 383 4049 1
399 4010 425 4050 et
442 3996 522 4050 Fred.
537 3997 578 4061 11,
598 3993 725 4048 videntur
742 3993 882 4062 accipitra-
925 3991 1059 4058 Bellonio,
1074 3992 1122 4044 lib.
1137 3992 1177 4055 ΙΙ,
1196 4009 1256 4060 cap.
1274 3989 1326 4059 37,
1341 3991 1435 4057 firmos

368 4075 407 4128 ria
428 4079 563 4150 Europam
583 4073 738 4139 donavisse;
760 4071 881 4125 Frederi·
924 4071 1025 4124 derum
1041 4069 1318 4143 Haeo-Cym'ndis
1319 4109 1366 4122 .....
1376 4071 1436 4122 Ari·

365 4173 467 4228 casque
484 4157 578 4238 llsipse
590 4159 623 4208 de
638 4155 688 4208 huc
702 4154 802 4208 librum
814 4170 879 4205 oon·
923 4163 984 4204 stot.
1006 4150 1053 4204 lib.
1073 4151 1129 4214 tx,
1147 4167 1205 4220 cap.
1223 4167 1274 4214 aa,
1295 4147 1434 4219 cymindin
