3200 5159
466 578 470 589 .
549 527 709 595 LIBER
737 528 803 593 lx.
1170 521 1215 594 25

138 657 305 753 diripiunt.
327 656 397 727 Sed
415 658 570 729 enixioris
590 681 725 753 operae,
744 680 845 751 quam
865 656 901 723 in
922 656 1019 725 unius
1041 654 1108 724 diei
1129 680 1217 750 prae·

137 768 257 851 mium,
271 765 401 835 conscii
417 764 496 851 sibi,
506 767 727 861 opperiuntur
739 766 774 834 in
787 776 977 858 posterum:
994 786 1056 833 nec
1069 764 1215 856 piscibus

137 886 281 957 tantum,
300 871 360 941 sed
373 857 520 941 intrita¹³
535 874 629 967 panis
643 898 661 941 e
679 874 759 943 vino
778 872 949 941 satiantur.

187 982 230 1047 X.
254 980 343 1069 Quoe
362 978 404 1047 de
422 978 540 1048 eodem
561 1004 682 1073 genere
703 977 854 1074 piscandi
867 978 902 1045 in
922 977 1028 1047 laesio
1042 978 1117 1047 unu
1130 979 1213 1046 Mu·
1234 1004 1245 1037 ι
1332 1008 1336 1019 ’

138 1088 252 1156 cianus
266 1084 390 1174 tradit,
407 1086 474 1155 hoc
491 1085 665 1175 differunt,
684 1086 776 1181 quod
791 1083 896 1171 ultro,
909 1082 1034 1177 neque¹
1050 1082 1219 1155 inclamati

138 1207 257 1287 presto
275 1194 361 1280 sint,
380 1208 557 1288 partesque
571 1219 589 1263 e
603 1194 757 1265 manibus
767 1194 952 1287 accipiant,
970 1205 1004 1263 et
1018 1215 1116 1261 suum
1130 1216 1219 1286 quae·

137 1324 199 1394 que
221 1300 345 1393 cymba
364 1324 384 1369 e
402 1299 568 1395 delphinis
586 1302 714 1371 socium
733 1301 873 1385 habeat,
893 1299 1045 1394 quamvis
1063 1313 1168 1368 noctu
1186 1312 1221 1367 et

137 1406 177 1475 ad
189 1404 310 1476 saces².
322 1408 410 1502 Ipsis
425 1392 574 1502 quoque³
588 1410 673 1478 inter
686 1432 719 1478 se
732 1404 866 1504 publica
884 1420 933 1476 est
947 1406 1095 1475 societas.
1109 1408 1218 1500 Capto

138 1536 251 1608 arcge
271 1514 402 1601 Cariae,
431 1512 633 1609 alligatoque
661 1517 839 1609 inportu,
870 1514 987 1607 ingens
1014 1510 1220 1605 reliquorum

139 1622 295 1689 convenit
308 1620 506 1707 multitudo,
525 1624 682 1691 moestitia
691 1619 837 1717 quadam
852 1644 928 1715 quae
938 1630 1051 1713 posset
1064 1617 1220 1713 intelligi,

140 1728 389 1797 miserationem
408 1742 540 1824 petens,
560 1728 667 1799 donec
686 1729 807 1798 dimitti
826 1752 884 1795 rex
903 1751 979 1795 eum
998 1725 1107 1821 jussit.
1128 1726 1221 1817 Quin

138 1850 169 1903 et
191 1822 338 1929 parvos⁴
357 1860 490 1930 semper
510 1835 627 1931 aliquis
639 1835 798 1931 grandior
815 1835 1016 1921 comitatur,
1041 1845 1078 1905 ut
1097 1847 1219 1903 custos.

140 1928 408 2037 Conspectique⁵
431 1957 509 2013 sunt
520 1944 590 2036 jam
616 1943 813 2013 defunctum
827 1956 1017 2037 portantes,
1032 1962 1075 2007 ne
1092 1938 1221 2009 lacera·

145 2062 233 2122 retur
250 2072 275 2117 a
289 2047 420 2119 belluis.
1057 2047 1061 2056 ’

140 2264 262 2303 maere.
279 2246 425 2305 Pellicsrio
443 2247 471 2305 in
486 2248 556 2303 uotis
569 2266 661 2303 manu·
705 2248 807 2301 tissima
817 2244 1025 2301 frustsdividsre
1033 2264 1064 2299 sc
1074 2256 1223 2307 contem,

142 2328 237 2400 scriptis
250 2327 334 2381 baud
350 2329 535 2401 improbabilis
549 2329 604 2385 rin
622 2339 661 2381 est
705 2341 742 2391 et,
754 2340 783 2379 ut
791 2326 879 2379 Greci
888 2324 1024 2387 dicebant,
1033 2322 1222 2395 διιμωτὺὶλιιν.

143 2409 252 2462 Pintiani
271 2411 431 2481 conjectura
445 2409 571 2480 legentis,
588 2408 660 2476 equo
704 2408 816 2463 Homer.
825 2403 903 2458 Iliad.
913 2404 960 2456 llb.
969 2405 999 2458 1:
1011 2407 1134 2466 Μίςυλλον
1144 2405 1224 2476 τ’ἄρσ,

143 2491 229 2541 nerins
237 2491 304 2557 jare
319 2508 329 2540 .·
342 2489 470 2560 quoniam
488 2488 522 2543 de
533 2488 659 2543 Euboicis
704 2498 728 2543 τ’
735 2490 810 2553 ἄλλα,
824 2508 849 2541 s.
857 2494 912 2540 ιλ.
922 2482 1063 2549 Phedrus,
1070 2485 1117 2538 lib.
1127 2485 1158 2548 1,
1169 2483 1223 2537 fab.

142 2569 319 2641 pisestoribns
332 2586 386 2623 non
401 2568 505 2625 diversa
514 2568 659 2625 admodum
704 2587 769 2621 xxv:
782 2567 866 2631 ·Que
876 2564 991 2634 (ciconia
999 2567 1108 2637 nenrpe)
1116 2565 1225 2637 vulpem

143 2649 272 2701 memorias
293 2647 415 2719 prodidit
434 2650 570 2713 AElienus,
589 2649 657 2703 Hist.
704 2665 789 2719 quum
807 2657 972 2709 revocasset,
984 2646 1079 2699 intrito
1093 2645 1155 2699 cibo
1164 2645 1225 2699 Ple·

144 2728 224 2783 tntu.
237 2728 286 2781 lib.
298 2728 346 2789 11,
358 2746 420 2800 esp.
432 2729 500 2789 sex
510 2746 659 2801 equorum
704 2744 768 2779 nem
780 2725 902 2795 lagenam
917 2726 1019 2796 posuit;
1030 2725 1095 2782 baie
1107 2736 1226 2779 rostrum

142 2806 272 2880 delphinis
288 2807 385 2861 solitos
399 2808 498 2861 scilicet
514 2809 607 2880 partiri
621 2809 661 2881 pi·
704 2806 841 2867 inserens,
858 2804 976 2859 Satiatur
989 2805 1065 2878 ipsa,
1078 2817 1105 2859 et
1119 2815 1226 2877 torquet

143 2905 206 2953 sees,
232 2906 307 2959 quos
338 2886 472 2941 consimili
504 2887 662 2943 eorumdem
705 2886 851 2941 convivam
864 2887 1022 2941 tame-As

143 2984 216 3037 opera
235 2966 378 3037 ceperint,
392 2978 508 3021 testatus.
522 2968 607 3023 Nobis
623 2988 665 3023 re·
743 2966 779 3019 X.
797 2984 821 3018 1.
840 2970 928 3033 Neque
945 2967 1082 3019 inclausi.
1094 2964 1227 3019 Contenta

143 3043 531 3117 ceptsmlectiorewodicum
540 3048 663 3103 omniurn
708 3062 774 3101 roos
787 3045 925 3115 appetisti.
940 3044 1034 3101 liano.

143 3124 301 3179 anctoritate
330 3122 480 3189 firmatam,
511 3127 662 3181 convellere
745 3123 1226 3191 s.stassaces.1derrtsreAElisu

144 3203 233 3275 religio
242 3217 388 3275 est‚quum
399 3207 541 3275 presertim
552 3208 663 3263 manile·
705 3206 815 3271 recitat,
826 3205 927 3260 taina-
937 3206 1101 3262 Animalinar
1112 3206 1159 3259 lib.
1174 3206 1203 3257 11
1214 3244 1223 3270 ,

145 3296 211 3337 stum
229 3284 261 3337 sit
281 3283 381 3337 referri
402 3284 460 3339 liaec
482 3298 607 3357 oportere
627 3287 662 3341 sd
706 3304 768 3357 cap.
788 3286 815 3339 8.
829 3284 919 3340 Hsso.

145 3365 278 3437 snpeiors
289 3383 299 3417 :
309 3390 322 3411 ι
330 3366 364 3419 Et
371 3366 499 3421 occidisse
506 3366 541 3421 sd
548 3386 661 3439 presens
743 3364 768 3418 3.
779 3368 844 3431 Ipsis
854 3384 959 3433 quoque.
969 3364 1013 3421 sto
1023 3365 1103 3421 &sm
1115 3365 1227 3419 Aristot.

145 3444 276 3512 contenti,
295 3446 369 3501 cibos
386 3447 415 3501 in
432 3446 571 3501 victoriam
583 3446 662 3503 ditte-
706 3445 795 3499 duint.
810 3444 857 3497 lib.
876 3446 917 3499 tx
927 3482 936 3509 ,
952 3464 1013 3516 esp.
1030 3451 1081 3516 74,
1100 3464 1127 3516 p
1149 3445 1226 3499 116&

145 3536 224 3579 runt:
240 3550 253 3576 ι
266 3544 326 3598 qua
344 3537 422 3597 parts
442 3527 550 3598 utique,
563 3545 662 3598 «perv
706 3524 824 3581 Similem
842 3541 953 3596 quoque
972 3523 1114 3579 historiam
1132 3538 1227 3579 narret

147 3614 238 3676 cuque
256 3616 390 3677 captura,
409 3624 477 3677 qnos
489 3606 665 3672 interemere,
707 3606 854 3667 ultanus,
872 3603 939 3660 Bist.
954 3604 1071 3661 Animal.
1092 3604 1163 3659 libro
1182 3604 1228 3668 V,

148 3682 286 3755 diripiant.
298 3710 312 3729 ι
326 3684 417 3739 Raro.
708 3703 768 3757 esp
782 3689 808 3739 6.
818 3684 914 3740 ann.

183 3764 223 3817 13.
233 3768 285 3817 Sed
293 3766 468 3819 tantmpane
484 3784 546 3819 oum
560 3764 623 3821 vitto
635 3766 662 3822 in
744 3770 768 3828 4.
784 3768 850 3833 Quin
866 3779 891 3816 st
903 3784 1003 3833 parvos.
1020 3764 1098 3819 Arist.
1117 3763 1169 3819 loc.
1182 3763 1228 3817 ait.

150 3844 272 3901 mortorio
301 3842 407 3915 pistillis
429 3845 544 3901 contrito
567 3863 574 3899 :
599 3844 664 3901 inde
708 3842 1103 3915 etSolinus,cap.m,p32.
1114 3843 1209 3897 Hane.

151 3925 235 3975 intrim
251 3942 370 3987 nomeu,
389 3924 462 3997 quod
484 3925 556 3997 apud
581 3924 665 3979 Colu·
745 3924 769 3978 5.
783 3928 966 3992 conspectique.
979 3922 1227 3989 intumuisse.

151 4003 290 4059 mdlamet
304 4006 413 4059 Celsum
427 4006 665 4078 lreqnens.Hsnn.
709 4004 799 4061 enim.
811 4006 861 4058 lib.
876 4005 1115 4076 Xll,osp.6,er
1126 4001 1229 4057 Aristo-

152 4112 183 4121 —
208 4084 277 4139 Ante
300 4084 439 4155 vulgatam
462 4084 532 4141 banc
557 4102 667 4149 rocem,
710 4085 761 4139 tsle
772 4103 779 4137 :
791 4097 817 4139 et
828 4084 997 4141 AlbertusM.
1010 4082 1168 4139 dsAnimsl.
1180 4081 1227 4137 tib.

151 4162 250 4215 interm
257 4166 314 4235 jam
325 4163 465 4223 difflatur
475 4184 526 4237 pro
539 4165 567 4219 in
578 4165 665 4221 rainu·
711 4164 796 4227 vul,
810 4176 886 4221 trset.
899 4166 932 4231 t,
944 4182 1005 4235 cap.
1021 4184 1048 4225 r,
1057 4180 1085 4233 p.
1104 4180 1164 4232 ²77·
1176 4160 1210 4213 tt.
