3200 5159
355 517 431 615 396
636 521 1167 592 C.PL1N11NAT.H18T.

354 651 491 720 omniuo
514 650 607 744 ptius
627 650 872 747 Vergiliarum⁹
892 667 1031 736 exortu,
1055 652 1243 722 sublucanis
1263 655 1427 748 tempori·

322 777 337 811 ²
355 757 429 826 bus.
443 760 561 851 Itaque
572 773 645 828 tum
662 761 769 854 prima
782 783 903 830 aurora
920 758 998 830 iulia
1011 761 1168 830 arborum
1182 758 1278 829 melle
1293 759 1423 830 roscida

355 865 597 933 inveniuntur:
620 887 659 934 ac
679 866 706 933 si
730 868 786 960 qui
812 867 975 936 matutino
1001 868 1063 936 sub
1092 865 1147 936 dio
1173 865 1282 949 fruere,
1305 880 1424 934 unctus

356 971 484 1064 liquore
500 984 624 1059 vestes,
653 970 876 1066 capillumque
891 986 1083 1042 concretum
1102 971 1256 1042 sentiunt.
1276 973 1352 1040 Sive
1367 970 1422 1040 ille

356 1090 408 1144 est
433 1074 505 1146 caeli
527 1076 650 1161 sudor,
671 1079 741 1148 sive
760 1078 912 1174 quaedam
934 1077 1077 1148 siderum
1101 1077 1219 1164 saliva,
1243 1079 1311 1146 sive
1339 1102 1422 1171 pur·

357 1182 466 1275 gantis
480 1206 515 1252 se
529 1184 613 1253 aeris
625 1207 763 1272 succus,
777 1186 971 1279 utinamque
980 1182 1146 1256 esset¹⁰et
1160 1207 1264 1277 purus
1278 1207 1317 1252 ac
1328 1182 1422 1276 liqui-

356 1286 474 1379 dus,et
486 1313 554 1358 suae
564 1304 691 1360 naturae
700 1337 711 1375 ,
720 1290 826 1384 qualis
835 1291 1066 1386 defluitprimo
1076 1316 1083 1360 ε
1094 1314 1188 1359 nunu
1202 1313 1282 1358 vero
1299 1303 1422 1358 etanta

243 1440 247 1449 ι
356 1392 479 1464 cadens
502 1393 692 1479 altitudine,
707 1395 915 1492 multumque
933 1397 1013 1466 dum
1030 1397 1141 1484 venit,
1161 1395 1372 1481 sordescens,
1389 1410 1424 1464 et
1487 1449 1498 1474 .

357 1499 458 1570 obvio
477 1514 574 1570 terrae
593 1499 697 1569 bulitu
713 1502 874 1592 infectus3
894 1517 1053 1597 praeterea
1068 1527 1087 1572 e
1101 1501 1219 1572 fronde
1236 1526 1275 1570 ac
1293 1499 1424 1596 pabulis

239 1669 242 1672 .
356 1618 473 1699 potus,
490 1619 524 1675 et
535 1608 571 1676 in
588 1605 754 1678 utet-culos
767 1607 790 1633 ¹¹
812 1623 988 1704 congestus
999 1633 1100 1703 apum
1112 1601 1192 1697 (ore
1206 1609 1293 1677 enim
1306 1605 1329 1632 ¹²
1344 1632 1422 1677 eum

356 1813 430 1878 rim,
447 1829 567 1888 suspects
586 1835 618 1872 ct
633 1818 701 1871 mihi
719 1816 869 1873 admodum
911 1819 940 1872 in
951 1818 1021 1872 uotis
1032 1816 1067 1871 sd
1081 1818 1137 1871 buc
1152 1816 1232 1871 Plinii
1246 1817 1337 1877 verbs,
1353 1827 1426 1870 octe·

358 1895 488 1964 scripturn
511 1909 550 1948 est
569 1915 578 1951 t
599 1910 658 1950 tunt
681 1895 756 1968 quod
774 1899 869 1951 usitata
912 1917 946 1950 vo
959 1896 1423 1968 osleudssuprilis,Culumelleipso

359 1991 507 2044 numquam
519 1976 582 2028 sliss
594 1976 729 2029 Aristoteli
742 1975 777 2029 de
796 1977 867 2030 Sirio
911 1976 940 2030 iu
950 1989 1039 2048 partes
1050 1990 1161 2030 roceto:
1176 1993 1259 2047 quum
1271 1975 1424 2046 equinoctii

359 2052 493 2124 loquenti,
505 2053 539 2106 de
549 2055 715 2109 urcucsslesti
724 2056 870 2119 familiaris,
912 2057 994 2128 ipsius
1014 2057 1066 2110 hoc
1081 2056 1188 2109 initium
1198 2055 1239 2109 sit.
1254 2055 1288 2108 ll.
1304 2087 1345 2098 -
1360 2055 1424 2105 Ver·

359 2145 390 2185 ut
400 2150 460 2203 usp.
484 2153 510 2197 u,
530 2134 660 2204 problem.
677 2135 704 2201 3,
715 2154 774 2206 pag.
788 2139 844 2205 746
860 2153 868 2188 z
911 2137 1035 2206 filiarum·
1047 2136 1123 2190 Circu
1133 2135 1256 2206 quintum
1264 2133 1325 2188 idus
1332 2134 1424 2198 maius,

360 2212 394 2272 sle
415 2213 478 2282 deep
503 2213 532 2265 ἂν
556 2203 602 2284 lpse
622 2215 780 2284 κατασκήψῃ.
796 2215 869 2268 Turn
912 2229 942 2268 ut
952 2214 1066 2268 diximus
1085 2233 1142 2286 cup.
1160 2213 1187 2267 5.
1201 2215 1309 2267 Aristut.
1323 2213 1423 2266 Hister.

359 2291 422 2362 quit
447 2289 482 2344 de
496 2291 567 2346 Sirio
581 2293 642 2346 sutis
661 2307 752 2363 specte
768 2293 869 2364 signifi·
913 2295 1003 2348 Anisu.
1022 2295 1070 2348 lib.
1081 2296 1116 2360 V,
1131 2312 1191 2364 cap·
1207 2312 1252 2363 19,
1267 2310 1327 2364 pag.
1341 2297 1395 2346 61²
1415 2311 1422 2344 :

359 2370 441 2434 csvit,
454 2371 486 2424 iis
505 2372 609 2438 verbis,
619 2375 642 2425 is
654 2377 709 2434 ταῖς
724 2380 773 2426 τῶν
788 2373 868 2444 tlt-pus
913 2375 972 2432 llus
988 2370 1014 2426 δ’
1027 2376 1053 2425 οὺ
1066 2375 1160 2445 γίνεται
1173 2374 1228 2444 pilu
1244 2373 1290 2443 πρὸ
1302 2367 1423 2432 Πλειάδος

359 2452 494 2512 tetecte‘te.
510 2441 593 2522 depol
605 2452 676 2504 enim
691 2454 787 2525 psssim
798 2451 870 2524 apud
914 2455 1036 2515 ἐπιπολῆς.
1051 2453 1142 2506 llsttn.

360 2530 474 2600 optimos
486 2548 605 2602 quosque
612 2542 742 2596 unctores,
751 2551 807 2584 nou
819 2551 869 2602 pro
956 2551 998 2586 to.
1023 2532 1167 2604 illitumque
1186 2541 1255 2584 esset.
1277 2528 1352 2584 Mss,
1373 2531 1424 2582 sice

360 2608 495 2680 vergiliis,
506 2612 657 2682 utScsliger
669 2611 828 2666 existimsvit
841 2612 869 2664 in
912 2631 966 2684 quse
983 2625 1026 2665 est.
1043 2612 1132 2665 Purm.
1144 2614 1192 2664 sice
1202 2629 1272 2683 aqua
1285 2621 1329 2660 est.
1343 2607 1423 2663 Hsud

360 2689 478 2759 priorem
492 2689 568 2744 illum
588 2691 743 2744 Aristotelis¹
756 2691 869 2756 locum
912 2691 948 2745 itu
961 2705 1040 2746 recte.
1052 2692 1144 2744 Hsuu.

361 2787 450 2840 oeque
465 2788 515 2841 pro
528 2788 698 2842 quocumque
715 2767 816 2834 sidere,
838 2783 869 2824 ut
956 2771 1047 2826 tr.1n
1067 2770 1192 2824 sterculus.
1218 2767 1294 2822 MSS.
1314 2785 1424 2832 omnes,

360 2847 500 2902 Sulmssius
518 2849 659 2903 erbitrutus
677 2860 730 2915 cst,
751 2849 798 2902 sed
818 2869 869 2921 pro
913 2851 1023 2904 otricum.
1035 2850 1133 2914 Forte,
1153 2849 1296 2902 nummulo.
1311 2848 1401 2899 Hstsn.

360 2927 453 2981 estivo
464 2927 510 2980 illo
524 2927 609 2981 sidere
624 2928 746 2982 sumitur.
757 2929 825 2994 Qum
834 2928 869 2982 sit
956 2949 1000 2984 rs.
1018 2930 1068 2983 Ore
1083 2935 1153 2982 enim.
1173 2927 1254 2981 Arist.
1265 2945 1325 2998 ρας.
1340 2929 1397 2989 6ι4
1414 2946 1422 2981 :

360 3018 448 3060 sutem
456 3007 506 3060 buc
515 3020 590 3078 perte
599 3009 638 3061 sis
647 3006 731 3073 iridis,
740 3025 869 3062 seusrcus
912 3010 946 3062 Τὸ
963 3011 1017 3080 pot
1031 3004 1061 3062 dl
1076 3012 1129 3080 ipsi
1136 3010 1170 3068 ele
1181 3009 1221 3060 τὸν
1231 3008 1364 3077 κύτταρον,
1376 3009 1425 3060 mc!

359 3085 482 3152 celestis,
498 3085 587 3140 dicem
606 3087 707 3140 Plinius
722 3086 826 3140 distulit
840 3087 869 3140 iu
912 3107 954 3140 ore
964 3101 1064 3142 vomuut
1082 3092 1108 3142 iu
1125 3088 1207 3141 cellas.
1226 3086 1295 3140 Sunt
1310 3084 1356 3156 qui
1369 3085 1424 3139 exi·

272 3211 275 3216 .
359 3183 418 3236 usp.
438 3172 487 3230 td,
505 3166 553 3220 ubi
572 3179 599 3220 et
612 3167 662 3220 buc
673 3165 802 3238 loquendi
817 3168 870 3220 lou·
912 3167 1018 3221 stimeut
1037 3168 1091 3221 mel
1104 3185 1159 3222 esse
1171 3185 1254 3238 upum
1268 3181 1423 3218 excremen-

360 3246 446 3308 mulu,
455 3244 521 3298 Sirio
530 3246 747 3317 exsplendescente,
756 3265 792 3299 ne
810 3247 869 3318 quis
913 3260 979 3300 tum.
997 3248 1042 3300 sit
1055 3245 1207 3302 Gesseudus
1219 3245 1247 3298 in
1259 3245 1345 3298 Luert.
1359 3262 1422 3316 pag.

359 3337 406 3379 sut
417 3325 446 3378 in
456 3325 537 3380 letius
552 3325 640 3396 lingue
653 3324 869 3392 insolentiorem,
916 3329 1000 3390 rus,
1016 3326 1143 3382 credibile
1161 3344 1231 3390 esse,
1248 3322 1277 3377 id
1289 3322 1423 3395 quidquid

358 3416 407 3459 sut
429 3417 528 3458 temere
556 3405 749 3459 immutandam
779 3418 870 3478 putet,
912 3419 952 3461 cst
977 3406 1102 3477 liquoris,
1122 3404 1197 3477 quod
1222 3404 1256 3458 ub
1274 3403 1370 3474 apibus
1389 3421 1424 3456 cx
1475 3401 1479 3410 '

359 3503 467 3538 rursum
481 3484 608 3538 abutitur.
618 3486 711 3539 Hsun.
913 3485 1026 3539 floribus
1038 3485 1181 3556 colligitur,
1202 3504 1218 3539 a
1232 3481 1423 3556 proboscidulu

400 3584 428 3634 9.
447 3564 609 3634 Vergiliarum
624 3577 718 3618 «cortu.
742 3565 796 3620 ltu
816 3566 869 3619 Co·
913 3566 1015 3636 erengi,
1037 3565 1177 3620 transmitti
1192 3566 1222 3618 in
1239 3561 1423 3627 stomachum,

359 3645 427 3702 lum.
436 3642 483 3696 lib.
502 3643 557 3708 tx,
572 3662 629 3715 cup.
649 3644 778 3709 moriri
788 3670 799 3693 ι
810 3657 870 3717 post
913 3658 939 3699 ct
951 3659 1025 3716 purte
1041 3649 1099 3717 ejus
1112 3646 1141 3698 iu
1159 3645 1313 3706 elimentum
1329 3659 1422 3700 versu,

361 3722 645 3795 duodequinquugiuts
660 3723 716 3778 dies
736 3725 769 3777 ub
791 3725 870 3796 nqui-
912 3726 1042 3796 reliquum
1053 3725 1164 3796 inportu
1173 3721 1269 3776 idonee
1279 3720 1368 3792 aliqua
1378 3721 1426 3773 ub-

359 3803 450 3858 noctio
466 3803 566 3872 primo,
582 3801 657 3874 quod
671 3823 760 3858 mense
770 3805 869 3858 Mettio
912 3805 995 3872 solvi,
1008 3805 1130 3876 vertique
1147 3803 1176 3856 iu
1192 3797 1424 3871 mel,periudeut-

359 3883 430 3936 circu
445 3880 796 3956 octavumculendsssprilis
808 3903 870 3936 cou-
913 3885 1009 3956 quein
1030 3884 1158 3938 uberibus
1178 3880 1330 3934 animalium
1343 3880 1423 3933 lucte-

361 3961 479 4016 θείων.»
488 3962 576 4026 Quem
582 3963 673 4016 locum
683 3963 868 4035 Dalecumpius
912 3965 1057 4028 suentium,
1070 3961 1098 4016 id
1108 3959 1181 4034 quud
1195 3973 1234 4014 cst
1251 3978 1282 4014 ex
1296 3958 1423 4012 alimento

358 4061 442 4113 quum
462 4053 638 4113 properanter
656 4043 807 4114 cursimque
830 4043 869 4096 le·
913 4041 1064 4107 residuum,
1085 4043 1115 4094 iu
1135 4042 1174 4096 luc
1200 4038 1424 4094 transformatur:

357 4135 445 4192 geret,
466 4121 538 4194 ipsus
553 4122 684 4196 Vergilius
702 4123 767 4177 oriri
786 4121 870 4186 dixit,
915 4120 1072 4192 idqueintru
1086 4123 1142 4194 ipss
1152 4117 1425 4174 alveariudiebussiu-
