3200 5159
393 526 473 622 ‘456
665 534 705 605 C.
733 536 902 607 PLINII
930 536 1037 607 NAT.
1066 538 1193 608 HIST.

396 666 539 737 terlunio
548 664 572 691 ¹⁰
583 682 722 737 cessant.
732 672 807 737 lam
821 671 854 738 in
869 694 971 764 opere
986 669 1043 763 qui
1057 667 1180 738 labor?
1200 690 1274 761 quae
1286 666 1467 738 sedulitas?

396 777 443 843 Et
458 774 616 869 quoniam
631 798 672 843 ex
689 774 821 845 diverso
840 775 1033 845 convehunt
1052 774 1156 843 altera
1175 772 1308 842 alterius
1331 775 1463 867 ignora,

397 883 478 949 certi
489 880 559 949 dies
572 880 614 949 ad
631 884 891 975 recognitionem
905 896 1055 951 mutuam
1067 879 1223 949 nundinis
1232 878 1363 948 dantur.
1377 882 1467 969 Quas

397 1001 478 1055 tunc
500 1010 613 1054 eurum
636 987 867 1058 concursatio?
882 1011 983 1082 quarn
1000 982 1139 1081 diligens
1156 1008 1234 1056 curn
1248 985 1356 1054 obviis
1372 1010 1460 1079 quae·

396 1092 473 1160 dam
493 1090 669 1162 collocutio
686 1107 786 1189 atque
808 1094 1028 1214 percontatio
1023 1085 1321 1162 ¹¹?Silices1tisere
1346 1115 1461 1161 eorum

397 1200 528 1268 attritos
554 1197 725 1285 videmus,
749 1214 783 1269 et
807 1202 842 1269 in
864 1224 965 1295 opere
986 1185 1136 1268 seinitnm
1161 1198 1302 1283 factam,
1322 1222 1365 1265 ne
1386 1199 1462 1291 quis

396 1302 526 1373 dubitet
545 1303 721 1398 qualibet
713 1330 747 1373 ιιι
769 1330 805 1374 re
828 1304 908 1400 quid
931 1306 1035 1400 possit
1055 1301 1384 1434 qrrantulacumque
1377 1304 1461 1373 assi-

395 1408 514 1479 duitas.
537 1408 737 1504 Sepeliunt¹²
756 1413 843 1481 inter
859 1436 894 1481 se
914 1412 1099 1480 viventium
1113 1408 1211 1496 soltc,
1229 1408 1369 1504 prraeter¹
1372 1394 1460 1483 ³ho·

397 1518 529 1585 minem.
546 1518 621 1585 Non
636 1531 713 1585 sunt
729 1518 764 1585 in
781 1517 892 1588 Sicilia
909 1531 1068 1612 pennatae,

361 1636 377 1688 3
449 1610 593 1711 (xxxi.)
619 1621 743 1693 Indice
770 1623 916 1695 sormicae
944 1647 1093 1709 cornua,
1120 1608 1309 1753 Erythris:
1331 1622 1367 1689 in
1369 1613 1462 1690 aede

396 1726 547 1797 llercnlis
562 1727 625 1797 fixa
632 1729 923 1817 ,miraculoluere
937 1726 1294 1806 Aurumcxcavcmis²
1297 1712 1461 1822 ⁵egerunt

439 1986 481 2023 ro.
503 1970 644 2024 Interlum'o.
668 1970 700 2023 In
725 1968 796 2024 coitu
822 1970 905 2037 lune,
950 1970 1078 2025 renttlm
1087 1972 1120 2024 ab
1134 1968 1188 2023 illis
1197 1986 1313 2023 vermem
1321 1966 1467 2039 accepisse„

396 2067 476 2121 qoem
485 2046 661 2121 diem,inquit
669 2049 770 2103 Plinius
778 2050 905 2113 linxvl,
950 2070 999 2105 cen
1010 2049 1201 2122 redemptionis
1212 2047 1386 2119 elationisque
1400 2065 1463 2118 pre·

395 2148 455 2199 cap,
469 2134 516 2198 74,
526 2128 571 2182 alii
582 2128 765 2195 interlunium,
778 2130 824 2182 alii
832 2130 908 2183 silen·
950 2131 1029 2184 tium.
1044 2129 1121 2183 Adde
1135 2142 1162 2181 et
1172 2129 1314 2183 Patauium
1328 2127 1356 2179 in
1372 2124 1462 2197 Geop.

396 2207 430 2259 tis
450 2207 519 2261 lunas
538 2207 680 2279 appellant.
700 2214 738 2283 Τῇ
760 2210 841 2284 iplpp
862 2214 906 2261 τοῦ
950 2209 1001 2263 lib.
1016 2210 1094 2273 XIII,
1107 2228 1164 2279 cap.
1183 2225 1225 2272 ro,
1235 2226 1295 2279 pag.
1311 2202 1419 2277 370.st

395 2292 469 2357 μηνὸς
481 2292 512 2355 τῇ
526 2290 584 2361 νέᾳ,
599 2288 694 2341 mensis
702 2287 790 2359 primo
800 2308 907 2362 quoque
994 2290 1039 2343 13.
1048 2288 1122 2352 Sota,
1131 2299 1228 2357 proeter.
1238 2286 1387 2357 Elephanto
1392 2286 1462 2338 hanc

395 2364 439 2429 die
459 2366 558 2419 cessare
572 2366 694 2419 formicas
713 2367 806 2420 scribit
824 2369 905 2421 AElia·
949 2386 1058 2439 quoqne
1071 2366 1228 2437 religionem
1243 2365 1365 2427 attribuit
1378 2366 1462 2418 AElia·

395 2462 455 2507 nus,
466 2444 534 2498 llist.
548 2444 664 2499 Animal.
679 2446 726 2500 lib.
741 2448 770 2512 1,
780 2466 838 2518 cap.
862 2468 905 2501 sn.
949 2466 1017 2512 nus,
1028 2447 1087 2499 loco
1098 2446 1143 2499 cit.
1157 2446 1317 2517 Elephanto,
1324 2443 1461 2513 delphini,

396 2522 484 2576 Etiam
492 2538 518 2577 et
528 2525 636 2577 sabbato
648 2524 665 2578 J
668 2524 804 2579 udaeorum
814 2526 907 2592 instar,
948 2525 1103 2590 hirundini,
1114 2525 1255 2595 api,urso‚
1264 2526 1373 2583 Tnetzes
1386 2524 1459 2577 chil.

394 2603 494 2666 seriari,
508 2605 528 2657 si
542 2604 645 2657 Tzetzro
660 2604 803 2667 credimus,
816 2606 844 2657 in
852 2606 906 2658 He·
951 2613 985 2671 4,
997 2606 1058 2659 hist.
1075 2623 1192 2675 127,vs.
1212 2604 1278 2667 153,
1291 2611 1380 2657 Ηιιιιι.

396 2680 500 2735 alodum
509 2684 649 2748 scribenti,
663 2686 686 2736 ιν
699 2682 821 2755 σιιΰὲάιῳ
831 2678 904 2738 seil'
994 2691 1038 2748 14.
1056 2685 1180 2754 Erythris.
1198 2684 1281 2737 Ionio
1298 2680 1412 2756 oppido,
1426 2680 1460 2735 de

396 2768 438 2815 τοῦ
449 2764 523 2837 μηνὸς
539 2769 583 2831 τῆς
599 2764 698 2825 ostiens
710 2766 754 2817 clos
769 2764 907 2835 ίργιὶζιτσι.
950 2783 1006 2835 quo
1018 2765 1066 2818 lib.
1083 2765 1119 2828 V,
1129 2781 1187 2834 cap.
1203 2762 1250 2817 dr.
1262 2764 1353 2815 llann.

397 2842 490 2895 Hsnn.
994 2844 1299 2898 remmam.
1309 2841 1399 2893 Refert
1408 2841 1461 2893 hoc
1518 2877 1523 2885 .

440 2938 482 2985 rr.
497 2920 576 2989 Quam
584 2920 699 2992 diligens·
711 2956 718 2969 ·
730 2957 738 2970 .
748 2926 906 2991 percoctatio.
950 2921 1045 2977 Strabo
1061 2942 1093 2976 ex
1105 2922 1228 2975 Neardro
1241 2933 1268 2975 et
1282 2919 1463 2991 Megasthene,

398 2998 438 3051 Ut
452 3001 572 3065 Veteres,
580 3000 616 3053 sic
631 3013 728 3072 ptstant
737 3001 907 3054 Recentiores
950 3002 997 3054 lib.
1005 3002 1067 3067 XV,
1079 3020 1141 3074 pag.
1156 3007 1223 3072 7⁰⁶⁵
1233 3000 1323 3069 Mela,
1340 3000 1388 3052 lib.
1400 3000 1461 3064 111,

397 3076 483 3131 solere
513 3078 635 3133 formicas
658 3098 707 3153 per
731 3080 855 3134 olfactum
882 3095 908 3134 et
951 3098 1010 3151 cap.
1026 3098 1053 3150 73
1070 3081 1193 3135 Clemens
1213 3081 1288 3133 Alex.
1302 3077 1398 3149 Podng.
1412 3078 1460 3131 lib.

398 3168 498 3211 toctrun
511 3178 628 3237 querere
639 3178 672 3212 an
686 3160 754 3225 bone
764 3159 907 3232 incoeptnm
951 3160 999 3213 lib.
1016 3161 1059 3225 ll,
1077 3179 1138 3232 pag.
1158 3179 1225 3231 207,
1240 3159 1347 3230 aliique.
1369 3158 1403 3207 ll.
1419 3190 1460 3200 -

397 3239 565 3305 successerit,
581 3252 607 3293 et
631 3250 724 3304 mutuo
742 3238 791 3291 sibi
808 3240 910 3292 animos
951 3241 1061 3292 Aurum·
1073 3273 1100 3288 ··
1123 3251 1202 3293 terra.
1221 3240 1321 3293 Iterum
1337 3237 1460 3289 fabellam

396 3316 541 3373 stimulare.
555 3318 596 3371 Cl'.
617 3316 651 3371 de
671 3318 788 3373 formicis
807 3320 909 3387 Horou
950 3316 1159 3391 habeoquamde
1168 3318 1272 3388 origine
1281 3318 1409 3369 mercium
1417 3335 1462 3367 ex·

391 3394 458 3465 fil',
408 3418 443 3447 ιιι
469 3396 596 3450 ΙίιιΙιειιΙι
607 3398 708 3451 Gener.
721 3400 803 3452 1810.
813 3381 880 3451 Cui.
952 3412 1088 3452 ternarum
1120 3396 1327 3469 negotiatoribus
1360 3396 1461 3467 placuit

443 3492 486 3529 ιι.
501 3476 631 3548 διμιὶἰμιιιι
645 3479 686 3531 Ito
704 3476 779 3531 MSS.
795 3478 905 3539 rectius,
949 3476 1459 3566 spargi,quomeliusloteretl'onsopum.

398 3573 478 3629 quom
490 3558 643 3627 sepeliantur.
658 3557 701 3609 Sic
718 3557 829 3611 Plautus
845 3562 908 3611 ιἰιιει·
951 3556 1089 3611 Creditum
1102 3569 1190 3609 tamen
1210 3577 1225 3611 e
1244 3553 1360 3627 quadam
1371 3554 1459 3607 nomi·

397 3655 423 3686 se
438 3638 568 3707 amplexari
585 3636 671 3690 dixit.
690 3636 819 3688 Tullius'
809 3650 907 3690 interce
949 3656 1016 3691 num
1029 3636 1202 3691 umrlrtudrne
1211 3648 1326 3708 potuisse
1339 3650 1460 3685 errorem

398 3735 484 3768 amam.
497 3709 800 3788 Relerthocporiterde
814 3716 906 3769 lormi-
949 3717 1037 3781 nasci,
1055 3735 1106 3787 pro
1133 3716 1245 3781 lormica
1270 3713 1460 3784 accipientibus

396 3794 444 3857 cis,
453 3796 584 3860 AElianus,
595 3794 694 3849 Histor.
705 3794 793 3848 Auim.
809 3795 857 3848 lib.
869 3798 906 3861 V,
950 3796 1093 3867 peregrinis
1105 3794 1179 3867 quod
1194 3796 1222 3848 in
1235 3793 1366 3847 narrantis
1375 3793 1460 3846 histo·

396 3892 457 3943 cap.
482 3883 527 3945 49.
554 3882 649 3931 Narrut
670 3874 810 3941 Cleanthes
834 3874 905 3947 apud
948 3876 988 3930 rie
1011 3874 1163 3947 quadrupes
1186 3874 1246 3927 luit.
1263 3873 1330 3925 Nam
1346 3871 1458 3945 quidam

395 3952 585 4019 Plutarchum,
597 3954 645 4006 lib.
657 3952 691 4005 dc
702 3952 797 4005 Solert.
815 3954 904 4009 Anim.
948 3953 1132 4032 quadrupedes
1143 3956 1192 4007 sibi
1206 3952 1460 4014 effodiuntdomum

395 4052 421 4101 p·
439 4038 504 4102 967,
527 4033 622 4087 vidisse
635 4053 662 4085 sc
676 4045 801 4085 exeuntes
812 4054 826 4084 e
838 4056 903 4087 cervo
947 4035 976 4086 in
990 4036 1103 4087 aurifera
1112 4034 1206 4099 lrumo,
1217 4049 1241 4085 et
1255 4032 1398 4103 particulas
1409 4051 1462 4083 ure-

394 4130 441 4161 suo
456 4114 578 4165 formicas
592 4113 697 4164 obviarn
713 4114 787 4165 elteri
810 4114 902 4165 lormi-
946 4115 1046 4167 tallices
1059 4115 1095 4165 sic
1108 4116 1136 4166 in
1148 4116 1232 4166 lucem
1244 4114 1363 4169 trabunt.
1378 4112 1458 4165 CLV.

392 4193 678 4266 curumcxunrini,qurc
687 4194 905 4248 mortuameller·
947 4196 1251 4249 Wsnrunurasseverot
1263 4212 1318 4245 uon
1333 4188 1465 4244 recedere
