3200 5159
381 545 451 655 372
769 561 1057 634 excursus.

378 695 406 735 et
423 678 592 752 pinguedinis
611 680 639 732 iu
658 698 688 733 se
708 679 841 735 culinaria
855 700 909 736 non
923 682 1064 756 despectu.
1085 683 1150 738 ltem
1168 683 1312 739 Atheunus
1326 684 1373 739 lib.
1388 685 1446 751 tx,

377 780 441 838 ets·
455 763 516 832 ³92-

413 849 497 922 Atqui
513 850 634 920 proxima
646 849 729 902 nostri
741 852 861 918 pem-duo
877 849 905 902 in
920 849 1013 922 primis
1028 861 1053 904 et
1065 850 1153 904 forma
1166 862 1191 904 et
1203 850 1322 904 moribus
1331 863 1371 906 est
1383 851 1447 906 Lin-

375 934 530 989 nnistamm
547 937 610 986 stre'oe
618 934 764 1002 passerius,
779 933 824 987 cul
838 933 951 1006 posthac
963 951 1059 987 nomen
1074 937 1139 986 strix
1152 938 1258 987 acada'eu
1277 934 1444 1002 (Naurum,

377 1019 431 1072 tuh.
442 1019 493 1082 43,
509 1017 527 1071 i.
541 1037 553 1070 1
567 1030 594 1070 et
608 1019 651 1086 s),
670 1035 729 1089 qun
746 1017 843 1070 aeriter
859 1017 957 1070 elamat
972 1021 1031 1090 lire,
1054 1021 1114 1077 ttrr,
1134 1031 1161 1072 et
1177 1017 1252 1071 omni
1273 1030 1446 1090 tempestate,

376 1102 497 1174 quamvis
518 1119 580 1154 raso
602 1101 632 1153 in
654 1099 812 1172 liuugaria,
830 1087 955 1167 Polouia,
976 1101 1121 1156 Germanis
1142 1102 1250 1158 inventa
1272 1114 1316 1156 est.
1345 1104 1444 1156 Contra

376 1186 432 1240 avis
449 1185 495 1239 ills
516 1203 597 1258 qnam
618 1203 745 1238 vocamus
759 1187 898 1253 petit-dus,
916 1186 1008 1253 dumos
1025 1197 1079 1252 est,
1101 1198 1128 1239 et
1146 1185 1276 1260 gregatim
1292 1185 1347 1239 viss
1366 1186 1445 1250 lacit,

375 1285 466 1323 versus
478 1268 692 1340 septemtrionem
703 1286 778 1331 vers,
797 1279 824 1320 et
837 1265 974 1320 meridiem
986 1279 1127 1322 autumno.
1204 1322 1211 1332 ,

409 1355 473 1409 lino
484 1355 566 1429 igitur
579 1353 679 1427 species
686 1356 798 1424 (nempe
810 1353 873 1405 sais
884 1371 954 1419 scope
963 1351 1054 1422 Linn.)
1062 1353 1112 1406 erit
1122 1351 1252 1425 posterim
1261 1369 1338 1424 seops
1346 1351 1445 1406 Aristo·

374 1438 433 1492 telis
447 1456 455 1491 :
467 1435 543 1490 'strix
559 1438 692 1504 passerius
712 1451 777 1488 vero
799 1432 892 1488 eadem
915 1451 977 1487 oum
1000 1435 1096 1506 priua-e.
1113 1433 1166 1489 Sed
1186 1435 1313 1489 alterutro
1327 1435 1443 1508 aliquem

373 1520 445 1575 vesei
456 1517 691 1573 hactenusnasoiu.
704 1517 817 1586 Utrique
829 1531 918 1571 autem
929 1531 1017 1572 motus
1033 1519 1149 1572 variatus
1164 1537 1197 1572 ao
1210 1519 1319 1574 mimico
1332 1518 1443 1573 similior

372 1604 486 1677 quamiu
495 1602 596 1656 ceteris
604 1613 798 1656 noctumamm
808 1601 908 1655 avium.
915 1601 1011 1674 ltaque
1017 1603 1119 1675 optime
1130 1614 1284 1673 oongruuut
1293 1619 1352 1676 qua
1362 1602 1443 1655 Athe-

372 1705 447 1740 naus
459 1705 491 1740 ac
501 1685 605 1738 Plinius
615 1683 649 1738 ds
662 1681 772 1754 scopum
785 1683 901 1737 motibus
913 1691 944 1738 to
958 1685 1144 1738 saltationibus
1156 1684 1300 1740 tradidere.

405 1763 474 1836 Quis
488 1769 522 1823 sit
536 1767 658 1839 ugolino,
673 1785 747 1819 nuuc
761 1755 945 1838 quarendum.
966 1761 1027 1822 Una
1038 1780 1119 1822 restat
1129 1769 1219 1839 effluis
1237 1772 1439 1841 (seriaestomm

372 1859 452 1912 lium
463 1855 533 1909 Butt.
542 1857 581 1908 Ic.
592 1857 669 1924 440),
682 1853 726 1906 oui
738 1857 837 1907 nomen
849 1856 971 1927 npplioes.
985 1845 1104 1928 AEgolios
1116 1856 1225 1931 quidem
1241 1855 1313 1928 gallo
1329 1875 1377 1929 par
1391 1875 1443 1911 ma-

371 1938 528 2014 gnitudine3
541 1954 604 2009 ergo
619 1934 735 1990 maxima
755 1950 794 1990 est
811 1950 874 2010 post
890 1938 962 2012 hyan
979 1958 1010 1994 ac
1030 1939 1104 1992 eleon
1121 1938 1195 2008 (vide
1208 1941 1285 1994 Arist.
1305 1940 1444 2006 lib.Vlll,

372 2043 398 2078 o.
411 2023 454 2092 3);
468 2021 530 2076 colit
544 2037 605 2074 saxa
624 2029 651 2072 et
669 2020 810 2092 speluncas
822 2020 869 2086 (id.
884 2020 931 2075 lib.
951 2013 1007 2102 lx,
1026 2041 1084 2095 cap.
1102 2023 1153 2093 1'7).
1171 2023 1234 2078 lisso
1248 2023 1355 2096 strigem
1370 2024 1444 2078 flem-

373 2113 460 2160 iuesm
474 2115 600 2177 arguunt.

407 2190 479 2262 Ergo
492 2178 647 2242 ¹Aristoteles
655 2185 775 2240 distinxit
787 2206 856 2262 quas
867 2187 992 2243 novimus
1004 2201 1152 2242 nocturnas
1166 2207 1227 2243 aves
1240 2198 1348 2254 oannes,
1358 2190 1441 2244 modo

373 2274 485 2346 excipias
502 2276 598 2342 κύμη
614 2288 729 2325 axutam
744 2273 815 2326 lietz.
827 2272 907 2345 vulgo
921 2276 997 2342 petite
1010 2275 1124 2326 eleveris
1140 2273 1189 2340 (lu.
1205 2273 1280 2342 439),
1302 2285 1328 2328 et
1341 2277 1440 2344 strigem

374 2359 523 2426 trumuini.
554 2352 606 2408 Sed
631 2352 795 2426 peritissimis
821 2355 904 2410 etiam
927 2355 1079 2428 suolo'gistis
1100 2357 1142 2410 hu
1164 2358 1265 2429 speeies
1288 2376 1382 2430 parum
1395 2369 1443 2412 aut

373 2441 443 2494 male
455 2453 533 2493 note.
785 2484 789 2492 .

410 2526 449 2577 De
462 2526 534 2593 striga
547 2525 682 2591 esculapio
693 2522 821 2577 Ssvtux'r
841 2526 992 2594 (grand-duo
1011 2526 1029 2574 d
1049 2526 1145 2576 oreillss
1162 2524 1267 2591 eomes)
1285 2523 1353 2578 nihil
1372 2533 1443 2597 ugo}

372 2628 436 2662 nam
448 2610 505 2662 hac
516 2607 618 2680 speeies
631 2608 781 2672 rarissima,
792 2609 875 2661 immo
890 2609 969 2662 semel
983 2607 1114 2662 duntaxat
1130 2619 1220 2664 notata
1233 2608 1261 2662 iu
1275 2609 1381 2682 Europa
1389 2621 1441 2664 est.

373 2692 454 2764 (Vide
466 2693 541 2746 Zool.
555 2693 631 2760 Brit.)

408 2793 486 2848 Genu
499 2795 527 2847 in
541 2812 588 2847 sua
601 2793 734 2857 vasione,
748 2804 895 2848 vocantur:

586 2903 742 2978 Nyctioorax
1096 2895 1204 2962 Ciouma

1094 2990 1198 3043 Noctua

1094 3073 1170 3126 Bubo

1093 3159 1179 3212 stum

1094 3241 1172 3294 Ulula

1093 3324 1166 3378 Asio.

413 3440 444 3491 ln
464 3435 557 3489 ultima
577 3434 670 3487 saltem
689 3446 755 3485 voce
777 3439 856 3486 errat.
876 3432 942 3486 llam
960 3432 1061 3496 Plinio,
1079 3451 1137 3505 cap.
1156 3434 1206 3500 33,
1222 3442 1298 3506 patet
1317 3447 1377 3489 oum
1397 3447 1444 3490 uto

378 3521 494 3574 asionem
508 3537 563 3572 esse
574 3517 706 3580 eumdem,
718 3526 792 3568 otum
804 3533 868 3568 vero
878 3517 985 3570 bubone
994 3516 1124 3570 minorem
1135 3557 1142 3582 ,
1153 3521 1315 3590 majorentes
1323 3531 1443 3582 noctus,

378 3619 437 3658 tum
451 3591 627 3657 eminentibus
640 3601 725 3656 cristis
738 3599 884 3672 insignum
914 3599 987 3672 quod
1009 3603 1103 3668 senkatts
1126 3615 1193 3653 otum
1216 3601 1293 3654 Linn.
1310 3604 1443 3670 (nostrum

378 3687 554 3752 raven-dur),
575 3682 603 3734 lt.
618 3702 643 3736 e.
661 3691 757 3734 nostro
778 3681 886 3753 quidem
912 3681 1012 3752 judicio
1034 3681 1130 3752 arguit.
1156 3683 1243 3734 immo
1264 3684 1315 3736 alio
1335 3685 1365 3737 in
1383 3684 1445 3737 loeo

378 3769 480 3823 Plinius
500 3766 604 3819 videtur
621 3765 655 3820 de
672 3778 763 3818 nostro
781 3769 928 3834 grand-due
947 3764 1079 3838 accepisse
1087 3783 1097 3818 t
1120 3762 1252 3838 siquidem
1270 3767 1315 3820 lib.
1333 3767 1442 3832 mx,

378 3872 437 3925 cap.
453 3855 469 3905 6
485 3870 492 3905 :
513 3851 710 3916 «Nocturnum,
723 3848 829 3920 iuquit,
840 3848 868 3901 id
882 3863 963 3921 genus
973 3849 1137 3914 maximum,
1156 3851 1373 3922 quibuspiam,
1392 3867 1444 3904 au·

378 3939 446 3990 rium
464 3933 775 4005 modo‚micat.·1⁴'ugo
796 3933 869 3986 nulla
891 3933 981 3985 minus
999 3951 1079 4004 quam
1108 3933 1193 4006 scopis
1220 3933 1319 4006 speeies
1345 3932 1444 3990 saionis

377 4039 477 4072 nomen
489 4017 538 4070 sibi
548 4017 608 4089 jure
621 4027 735 4087 arrogat.

412 4101 464 4155 Sed
478 4120 532 4154 non
547 4089 615 4153 mule
627 4099 696 4154 Gaza
711 4099 832 4172 glaucum
850 4117 900 4172 per
912 4113 1025 4150 noctuam
1037 4099 1228 4172 luterpretatus
1237 4111 1287 4154 est.

414 4188 501 4246 vlula,
515 4184 537 4236 si
555 4203 652 4237 nomen
666 4201 713 4254 per
730 4182 951 4255 onomatopuiaxn
966 4181 1072 4246 datum,
1084 4197 1153 4238 esset
1170 4183 1233 4237 strix
1246 4185 1342 4248 alueo,
1360 4185 1444 4258 vulgo
