3200 5159
618 521 778 617 ursan
802 527 846 593 x.
883 581 885 584 ,
1191 525 1261 596 233

195 657 264 726 fere
289 677 377 724 aves.
397 641 576 724 Aduncos⁴
596 679 724 750 ungues
742 656 914 744 habentia,
934 681 1033 727 carne
1053 673 1181 728 tantum
1204 683 1260 728 ve·

193 777 334 834 scantur
346 787 386 832 ex
401 776 495 857 parte
509 785 639 856 magna.

246 871 340 938 XIV.
360 864 449 953 (xm.
460 861 475 958 )
488 869 646 938 Cornices
664 882 698 938 et
716 866 780 938 alio
797 869 940 965 pabulo:
959 885 997 941 ut
1010 895 1084 965 quae
1102 870 1258 940 duritiam
1280 895 1293 933 1

192 974 305 1044 nucis¹
328 989 437 1044 rostro
450 988 707 1070 repugnantem,
724 973 874 1046 volantes
893 978 928 1045 in
946 974 1051 1046 altum
1070 977 1104 1044 in
1122 1000 1201 1051 saxa¹
1212 992 1260 1047 te·

194 1078 329 1175 gulasve
341 1082 468 1176 jaciunt
489 1082 609 1152 iterum
628 1105 667 1151 ac
689 1082 829 1176 saepius,¹
844 1082 951 1153 donec
970 1088 1159 1177 quassatam
1181 1107 1261 1177 per·

195 1186 339 1282 fringere
361 1201 493 1282 queant.
510 1191 589 1282 Ipsa
608 1185 675 1257 ales
694 1202 744 1258 est
760 1189 972 1284 inauspicatae
988 1186 1205 1284 garrulitatis²
1217 1243 1227 1277 ,
1239 1214 1260 1257 a

194 1278 413 1388 quibusdam³
429 1307 540 1363 tomen
560 1291 702 1364 laudata.
721 1294 772 1363 Ab
788 1297 924 1366 Arcturi
938 1281 1065 1365 sidere⁴
1083 1294 1125 1364 ad
1141 1289 1258 1364 birun-

194 1449 288 1521 palmsr
317 1449 516 1504 similitudinem
549 1449 632 1522 pedes
659 1451 706 1505 ba·
746 1447 837 1504 dotem
851 1451 1101 1524 aliquameximiam
1110 1470 1260 1524 concessam

193 1531 267 1584 bant.
282 1531 372 1584 Htan.
747 1531 852 1584 aDiris
869 1543 960 1584 namot
978 1529 1124 1593 Phaedrus,
1142 1531 1207 1584 dum
1222 1532 1261 1585 sic

235 1617 262 1674 4.
277 1610 402 1663 Adriacas.
419 1608 499 1664 Arist.
520 1608 589 1663 Hist.
611 1608 705 1664 Anim.
747 1611 905 1682 compellari
915 1629 1047 1681 pronam
1060 1629 1075 1663 a
1090 1612 1200 1664 Iunone
1212 1611 1262 1664 fin·

194 1689 240 1742 lib.
253 1690 337 1756 VIII,
349 1711 372 1746 c.
387 1693 419 1753 6,
430 1709 459 1762 p.
475 1689 541 1744 882.
552 1689 644 1742 flauo.
747 1689 787 1760 git
808 1711 815 1743 r
834 1691 919 1744 «Tibi
936 1691 1038 1759 torma,
1059 1691 1130 1744 vires
1150 1691 1261 1762 aquila,

235 1769 311 1823 XIV.
333 1787 356 1821 1.
376 1769 412 1822 Ut
427 1789 481 1840 qua
497 1769 613 1821 duritiam
628 1771 705 1822 nucis.
747 1767 861 1822 luscinio
876 1769 972 1836 melos,
990 1771 1142 1841 Augurium
1159 1789 1258 1834 corvo,

196 1847 266 1902 Hinc
276 1846 344 1901 illud
355 1848 469 1902 cornicis
480 1847 620 1902 consilium
633 1847 705 1919 apud
747 1846 813 1902 larva
822 1849 923 1902 cornici
932 1849 1030 1903 omina.
1043 1875 1055 1897 ι
1069 1849 1152 1916 Quod
1161 1861 1187 1902 et
1198 1849 1260 1902 Vir·

195 1927 520 1994 Pbaedr.lib.11,lab.6:
538 1928 662 2000 «Aquila
674 1927 703 1980 in
747 1927 826 1998 gilius
837 1929 991 1996 confirmat,
1006 1929 1139 2003 eclogar:
1157 1929 1260 2000 «Supe

195 2008 308 2061 sublime
323 2009 429 2062 sustulit
449 2005 616 2061 testudinem.
636 2007 704 2072 Qua
748 2007 849 2060 malum
870 2008 924 2061 boo
945 2007 1040 2080 nobis,
1066 2009 1088 2061 si
1111 2027 1185 2062 mens
1204 2027 1259 2061 non

194 2105 277 2158 quum
304 2087 446 2142 abdidisset
475 2105 572 2142 cornea
608 2105 706 2158 corpus
747 2085 812 2158 larva
831 2087 942 2152 miscet,
965 2089 1042 2159 Saepe
1071 2088 1176 2142 sinistra
1195 2105 1259 2141 cara

194 2165 293 2232 domo,
307 2168 364 2221 Nec
380 2167 436 2220 ullo
449 2179 526 2238 pacto
537 2164 599 2220 laedi
615 2179 705 2237 posset
747 2165 872 2237 predixit
891 2167 926 2220 ab
938 2167 1000 2220 ilice
1018 2168 1119 2221 cornix.
1135 2194 1146 2216 ι
1164 2169 1199 2220 Et
1212 2168 1259 2221 Ci-

193 2245 299 2301 oondita
312 2247 412 2313 ,Venit
429 2265 477 2318 per
498 2265 575 2300 auras
592 2246 704 2313 cornix,
748 2263 828 2311 cero,
848 2245 883 2299 de
904 2247 993 2300 Divin.
1012 2246 1065 2314 lib.
1086 2249 1116 2313 1,
1141 2264 1170 2301 n.
1192 2248 1228 2300 8⁵
1250 2265 1258 2300 τ
1299 2248 1302 2253 ⁴

193 2339 220 2380 et
240 2338 352 2399 propter
364 2327 456 2380 volans
470 2344 477 2378 :
496 2325 623 2397 Opimam
642 2344 704 2379 sane
751 2325 932 2380 -Cornicema
942 2327 1129 2394 lavaratum„
1143 2326 1259 2393 horest,

192 2403 309 2476 predam
319 2407 429 2477 rapuisti
443 2404 705 2476 unguibus,Sednisi
746 2423 906 2476 prosperum
920 2419 947 2460 et
960 2419 1063 2460 certum
1075 2407 1162 2460 Iacere
1174 2424 1258 2477 angn-

192 2498 343 2539 monstraro
356 2485 422 2559 quid
436 2487 470 2540 sit
479 2484 630 2539 sociandum
640 2486 703 2552 tibi,
746 2485 945 2555 rium-scripsit.
956 2487 1078 2558 Denique
1090 2485 1185 2539 Petrus
1197 2486 1258 2539 Ble-

193 2564 275 2618 Grari
285 2568 462 2638 nequicquam
473 2577 500 2619 te
515 2565 620 2619 lassabis
634 2583 703 2636 pon-
746 2565 842 2629 sensis,
854 2582 898 2635 ep.
915 2583 983 2619 uxr:
996 2565 1075 2632 ‹Qui
1093 2564 1127 2618 de
1138 2564 1257 2638 jucundo

191 2642 265 2698 dere.
285 2645 417 2700 Promissa
439 2657 536 2717 parte,
560 2643 652 2698 suadet
671 2657 710 2698 nt
745 2643 1070 2718 glorianturhospitio,si
1083 2663 1099 2699 a
1113 2645 1217 2698 sinistra
1228 2644 1257 2698 in
1369 2652 1373 2658 '

191 2725 333 2796 scopulum
346 2717 426 2796 s'uper
436 2727 503 2779 Altis
515 2725 549 2777 ab
564 2725 641 2778 astris
652 2722 703 2778 du·
746 2721 881 2779 dexteram
899 2725 955 2778 avis
971 2725 1053 2779 sancti
1067 2724 1194 2777 Martiani
1209 2743 1257 2777 vo-

190 2821 247 2857 ram
263 2804 350 2859 illidat
364 2805 504 2868 corticem,
517 2806 577 2871 Qua
589 2805 702 2858 commi·
745 2803 853 2874 laverit,
864 2815 916 2857 stc.
930 2829 943 2851 ι
955 2804 999 2858 Sic
1012 2804 1147 2857 cornicem
1157 2803 1257 2857 seilicet
1274 2845 1281 2860 .

191 2896 255 2937 nuta
267 2884 344 2938 facile
363 2897 483 2939 vescatur
501 2885 573 2938 cibo.
588 2882 702 2938 Inducta
748 2883 821 2937 Galli
852 2897 952 2937 veteres
978 2883 1155 2955 appellabant.
1185 2882 1256 2937 Vide

189 2963 510 3036 verbisaquila,monitis
518 2965 697 3036 patuinus·
745 2963 908 3017 Glossarium
919 2962 1182 3034 Du-Cangii,terbo
1194 2966 1253 3016 assi.
1313 2999 1316 3004 -

190 3043 282 3098 liano.
294 3043 399 3098 -Vid.
411 3043 501 3098 Phsd.
513 3057 578 3098 tom.
590 3045 622 3116 1,
638 3063 699 3116 pag.
743 3043 906 3097 titan-A
913 3042 1252 3115 qulbusdaemtamenlaudcta.

192 3126 248 3192 467
264 3143 322 3196 sqq·
337 3123 401 3178 edit.
416 3137 485 3178 nost.
504 3126 556 3178 En.
720 3121 724 3126 ’
743 3123 877 3188 Quoniam
894 3141 990 3194 magua
1002 3121 1037 3176 sit
1053 3121 1081 3174 in
1096 3140 1129 3174 eo
1142 3121 1197 3174 aris
1208 3140 1253 3192 ge·

234 3221 259 3254 a.
272 3205 330 3274 Ipsa
339 3207 388 3257 ales
399 3217 435 3256 est
442 3208 600 3275 transpicere
608 3221 699 3273 garru-
741 3220 808 3254 nere
816 3199 960 3255 concordia
967 3201 1047 3254 maris
1060 3213 1087 3253 et
1099 3201 1217 3266 feminas,
1228 3214 1255 3255 et

190 3281 276 3336 b'taetr's.
287 3283 356 3338 Hinc
369 3287 488 3337 comicuri
496 3284 599 3348 Persio,
608 3301 699 3353 pressa
742 3281 815 3335 abiis
823 3293 952 3353 perpetua
961 3293 1079 3334 serretur
1089 3281 1204 3352 conjugii
1211 3282 1254 3335 lex

190 3373 217 3414 et
232 3365 392 3434 strangulata
405 3381 472 3417 voce
486 3364 633 3416 mussitare.
649 3363 698 3416 Sa'·
741 3379 771 3415 ac
782 3358 865 3413 fidest
877 3361 1050 3432 quamobrem
1061 3361 1184 3414 solitarias
1195 3380 1253 3414 cor·

189 3439 234 3494 tir.
249 3461 265 3494 r
279 3461 287 3494 ¹:
304 3469 315 3491 ι
326 3444 422 3497 Nescio
435 3443 501 3516 quid
518 3456 605 3497 tecum
618 3461 697 3514 grave
740 3440 808 3494 nicis
820 3457 944 3493 occursus
959 3441 1061 3492 malum
1075 3459 1154 3494 omen
1168 3441 1252 3506 facit,

189 3522 332 3576 cornicaris
344 3525 441 3594 inepte.
456 3547 467 3570 ι
484 3523 625 3578 Cornieem
642 3523 695 3576 bu·
740 3533 767 3574 et
788 3521 816 3572 in
836 3519 938 3589 nuptiis
962 3519 1096 3591 auspicato
1121 3520 1252 3573 meientis

187 3617 294 3654 manum
305 3620 453 3656 sermonem
460 3602 697 3656 disceremonstrat
740 3599 869 3672 praesagio
890 3599 1065 3674 occidebatur,
1084 3601 1174 3672 ίκιόριι
1193 3603 1250 3670 κόρη

187 3679 231 3732 bic
243 3701 333 3736 versus
343 3682 448 3754 Papinii
456 3681 567 3736 inSilvis
577 3699 584 3734 :
594 3708 604 3730 ι
615 3682 697 3747 Quas·
740 3679 855 3752 κορώνην.
864 3678 905 3732 Ex
916 3679 1037 3745 AEliano,
1051 3678 1085 3733 de
1100 3680 1190 3734 Anisa.
1199 3681 1250 3733 111.

187 3777 240 3830 que
250 3763 331 3815 refert
342 3765 457 3832 jungens
465 3762 556 3816 iterata
568 3763 695 3816 vocabula
741 3759 814 3824 Oro,
827 3758 968 3829 Apolline,
987 3759 1120 3830 Gregorio
1139 3759 1251 3812 Nazian-

186 3841 288 3896 eornix.
303 3867 314 3889 ι
331 3843 432 3894 Druso.
741 3857 824 3904 aeno,
837 3838 983 3892 Politianus
997 3838 1025 3890 in
1039 3839 1149 3892 Miscell.
1163 3837 1250 3891 Rhod.

228 3920 254 3972 3.
278 3921 305 3974 A
327 3921 477 3993 quibusdum.
503 3921 558 3986 Qui
582 3921 696 3975 cornicis
740 3919 843 3983 XXIX,
854 3916 980 3984 183110d.
993 3919 1056 3971 Iun.
1066 3919 1112 3971 lib.
1122 3920 1146 3982 1,
1156 3935 1214 3988 cap.
1225 3935 1250 3980 ις

184 4000 296 4070 auguria
308 4019 323 4053 e
335 4019 365 4053 re
376 4001 570 4054 consulentium
584 4001 697 4055 marinae
740 4000 819 4052 Alex.
834 3999 867 4052 ab
882 3998 957 4050 Alex.
970 3998 1018 4050 lib.
1033 3999 1071 4063 11,
1079 4016 1137 4068 cap.
1148 3997 1249 4050 5.Dan.

185 4095 240 4132 esse
265 4079 421 4144 censebant,
447 4079 590 4151 praesertim
613 4099 695 4152 quum
783 4087 809 4143 4.
824 4078 867 4131 Ab
880 4078 982 4130 Arcturi
995 4077 1131 4130 aldemdb
1143 4077 1249 4129 Arcturi

185 4156 249 4211 lova
263 4173 350 4213 essent
367 4179 373 4212 :
389 4159 417 4212 id
429 4160 499 4214 enim
516 4159 630 4226 cornici,
647 4179 696 4212 ceu
740 4171 834 4212 exortu
848 4157 992 4222 matutino,
1002 4157 1048 4229 qui
1059 4158 1088 4209 in
1103 4155 1190 4210 Attica
1199 4174 1248 4209 no·

1231 4453 1251 4501 d
