<?xml version="1.0" encoding="UTF-8"?>
<!DOCTYPE html PUBLIC "-//W3C//DTD XHTML 1.0 Transitional//EN"
    "http://www.w3.org/TR/xhtml1/DTD/xhtml1-transitional.dtd">
<html xmlns="http://www.w3.org/1999/xhtml" xml:lang="en" lang="en">
 <head>
  <title>
</title>
<meta http-equiv="Content-Type" content="text/html;charset=utf-8" />
  <meta name='ocr-system' content='tesseract 3.04.00' />
  <meta name='ocr-capabilities' content='ocr_page ocr_carea ocr_par ocr_line ocrx_word'/>
</head>
<body>
  <div class='ocr_page' id='page_1' title='image "./caiipliniisecun03unkngoog_0446.png"; bbox 0 0 3200 5159; ppageno 0'>
   <div class='ocr_carea' id='block_1_1' title="bbox 396 477 1197 614">
    <p class='ocr_par' dir='ltr' id='par_1_1' title="bbox 396 477 1197 614">
     <span class='ocr_line' id='line_1_1' title="bbox 396 477 1197 614; baseline -0.011 -16"><span class='ocrx_word' id='word_1_1' title='bbox 396 529 473 614; x_wconf 71' lang='lat'><strong>440</strong></span> <span class='ocrx_word' id='word_1_2' title='bbox 528 477 543 498; x_wconf 61' lang='lat'><strong>⁹</strong></span> <span class='ocrx_word' id='word_1_3' title='bbox 663 527 703 594; x_wconf 88' lang='lat' dir='ltr'><strong>c.</strong></span> <span class='ocrx_word' id='word_1_4' title='bbox 731 525 903 596; x_wconf 78' lang='lat' dir='ltr'><strong>enimi</strong></span> <span class='ocrx_word' id='word_1_5' title='bbox 932 525 1043 594; x_wconf 74' lang='lat' dir='ltr'><strong>nir.</strong></span> <span class='ocrx_word' id='word_1_6' title='bbox 1073 523 1197 592; x_wconf 81' lang='lat' dir='ltr'><strong>msr.</strong></span> 
     </span>
    </p>
   </div>
   <div class='ocr_carea' id='block_1_2' title="bbox 318 651 1524 2026">
    <p class='ocr_par' dir='ltr' id='par_1_2' title="bbox 318 651 1524 2026">
     <span class='ocr_line' id='line_1_2' title="bbox 396 651 1463 749; baseline -0.002 -22"><span class='ocrx_word' id='word_1_7' title='bbox 396 655 499 727; x_wconf 85' lang='lat' dir='ltr'><strong>thia’⁰</strong></span> <span class='ocrx_word' id='word_1_8' title='bbox 523 658 720 727; x_wconf 89' lang='lat' dir='ltr'><strong>interimunt</strong></span> <span class='ocrx_word' id='word_1_9' title='bbox 738 659 838 728; x_wconf 87' lang='lat' dir='ltr'><strong>etiam</strong></span> <span class='ocrx_word' id='word_1_10' title='bbox 860 679 955 745; x_wconf 88' lang='lat' dir='ltr'><strong>sues,</strong></span> <span class='ocrx_word' id='word_1_11' title='bbox 980 653 1102 749; x_wconf 84' lang='lat' dir='ltr'><strong>alioqui</strong></span> <span class='ocrx_word' id='word_1_12' title='bbox 1130 651 1312 724; x_wconf 63' lang='lat' dir='ltr'><strong>⁴vivaciores</strong></span> <span class='ocrx_word' id='word_1_13' title='bbox 1343 669 1463 725; x_wconf 88' lang='lat' dir='ltr'><strong>contra</strong></span> 
     </span>
     <span class='ocr_line' id='line_1_3' title="bbox 395 758 1463 858; baseline 0 -26"><span class='ocrx_word' id='word_1_14' title='bbox 395 788 524 835; x_wconf 81' lang='lat' dir='ltr'><strong>venena</strong></span> <span class='ocrx_word' id='word_1_15' title='bbox 540 761 673 833; x_wconf 87' lang='lat' dir='ltr'><strong>talia²¹:</strong></span> <span class='ocrx_word' id='word_1_16' title='bbox 695 764 807 858; x_wconf 87' lang='lat' dir='ltr'><strong>nigras</strong></span> <span class='ocrx_word' id='word_1_17' title='bbox 830 758 995 858; x_wconf 85' lang='lat' dir='ltr'><strong>quidem&#39;²</strong></span> <span class='ocrx_word' id='word_1_18' title='bbox 1019 759 1177 847; x_wconf 89' lang='lat' dir='ltr'><strong>celerius,</strong></span> <span class='ocrx_word' id='word_1_19' title='bbox 1198 761 1225 830; x_wconf 86' lang='lat' dir='ltr'><strong>si</strong></span> <span class='ocrx_word' id='word_1_20' title='bbox 1238 761 1405 855; x_wconf 80' lang='lat' dir='ltr'><strong>inaquam</strong></span> <span class='ocrx_word' id='word_1_21' title='bbox 1426 787 1463 832; x_wconf 91' lang='lat' dir='ltr'><strong>se</strong></span> 
     </span>
     <span class='ocr_line' id='line_1_4' title="bbox 394 865 1461 964; baseline -0.004 -23"><span class='ocrx_word' id='word_1_22' title='bbox 394 871 625 941; x_wconf 83' lang='lat' dir='ltr'><strong>immerserint.</strong></span> <span class='ocrx_word' id='word_1_23' title='bbox 643 872 780 939; x_wconf 86' lang='lat' dir='ltr'><strong>Homini</strong></span> <span class='ocrx_word' id='word_1_24' title='bbox 802 871 870 940; x_wconf 92' lang='lat' dir='ltr'><strong>icto</strong></span> <span class='ocrx_word' id='word_1_25' title='bbox 891 881 1027 964; x_wconf 88' lang='lat' dir='ltr'><strong>putatur</strong></span> <span class='ocrx_word' id='word_1_26' title='bbox 1046 889 1117 936; x_wconf 86' lang='lat' dir='ltr'><strong>esse</strong></span> <span class='ocrx_word' id='word_1_27' title='bbox 1142 865 1287 936; x_wconf 89' lang='lat' dir='ltr'><strong>remedio</strong></span> <span class='ocrx_word' id='word_1_28' title='bbox 1310 868 1461 963; x_wconf 85' lang='lat' dir='ltr'><strong>ipsonsm</strong></span> 
     </span>
     <span class='ocr_line' id='line_1_5' title="bbox 394 961 1462 1072; baseline -0.003 -26"><span class='ocrx_word' id='word_1_29' title='bbox 394 979 475 1047; x_wconf 91' lang='lat' dir='ltr'><strong>cinis</strong></span> <span class='ocrx_word' id='word_1_30' title='bbox 493 992 593 1072; x_wconf 90' lang='lat' dir='ltr'><strong>potus</strong></span> <span class='ocrx_word' id='word_1_31' title='bbox 613 979 648 1046; x_wconf 94' lang='lat' dir='ltr'><strong>in</strong></span> <span class='ocrx_word' id='word_1_32' title='bbox 668 961 788 1045; x_wconf 83' lang='lat' dir='ltr'><strong>vino²³.</strong></span> <span class='ocrx_word' id='word_1_33' title='bbox 810 977 968 1070; x_wconf 84' lang='lat' dir='ltr'>Magnam</span> <span class='ocrx_word' id='word_1_34' title='bbox 992 973 1224 1043; x_wconf 82' lang='lat' dir='ltr'><strong>adversitatem</strong></span> <span class='ocrx_word' id='word_1_35' title='bbox 1244 972 1319 1042; x_wconf 92' lang='lat' dir='ltr'><strong>oleo</strong></span> <span class='ocrx_word' id='word_1_36' title='bbox 1344 976 1462 1044; x_wconf 84' lang='lat' dir='ltr'><strong>mersis</strong></span> 
     </span>
     <span class='ocr_line' id='line_1_6' title="bbox 394 1079 1462 1179; baseline -0.003 -27"><span class='ocrx_word' id='word_1_37' title='bbox 394 1098 429 1152; x_wconf 89' lang='lat' dir='ltr'><strong>et</strong></span> <span class='ocrx_word' id='word_1_38' title='bbox 447 1083 650 1154; x_wconf 87' lang='lat' dir='ltr'><strong>stellionibus</strong></span> <span class='ocrx_word' id='word_1_39' title='bbox 670 1097 873 1179; x_wconf 88' lang='lat' dir='ltr'><strong>putantesse</strong></span> <span class='ocrx_word' id='word_1_40' title='bbox 892 1104 899 1148; x_wconf 76' lang='grc' dir='ltr'><strong><em>ε</em></strong></span> <span class='ocrx_word' id='word_1_41' title='bbox 918 1082 1068 1150; x_wconf 90' lang='lat' dir='ltr'><strong>innocuis</strong></span> <span class='ocrx_word' id='word_1_42' title='bbox 1082 1079 1253 1149; x_wconf 83' lang='lat' dir='ltr'><strong>dumtaxat</strong></span> <span class='ocrx_word' id='word_1_43' title='bbox 1270 1081 1328 1165; x_wconf 90' lang='lat' dir='ltr'><strong>iis,</strong></span> <span class='ocrx_word' id='word_1_44' title='bbox 1352 1081 1462 1174; x_wconf 88' lang='lat' dir='ltr'><strong>quiet</strong></span> 
     </span>
     <span class='ocr_line' id='line_1_7' title="bbox 394 1185 1461 1285; baseline -0.002 -28"><span class='ocrx_word' id='word_1_45' title='bbox 394 1190 457 1284; x_wconf 90' lang='lat' dir='ltr'><strong>ipsi</strong></span> <span class='ocrx_word' id='word_1_46' title='bbox 472 1205 586 1260; x_wconf 85' lang='lat' dir='ltr'><strong>carent</strong></span> <span class='ocrx_word' id='word_1_47' title='bbox 604 1191 779 1285; x_wconf 82' lang='lat' dir='ltr'><strong>sanguine,</strong></span> <span class='ocrx_word' id='word_1_48' title='bbox 797 1188 995 1258; x_wconf 89' lang='lat' dir='ltr'><strong>lacertarum</strong></span> <span class='ocrx_word' id='word_1_49' title='bbox 1009 1185 1126 1282; x_wconf 84' lang='lat' dir='ltr'><strong>figura.</strong></span> <span class='ocrx_word' id='word_1_50' title='bbox 1142 1188 1251 1280; x_wconf 81' lang='lat' dir='ltr'><strong>Atque</strong></span> <span class='ocrx_word' id='word_1_51' title='bbox 1268 1188 1461 1280; x_wconf 81' lang='lat' dir='ltr'><strong>scorpiones</strong></span> 
     </span>
     <span class='ocr_line' id='line_1_8' title="bbox 362 1291 1461 1389; baseline -0.005 -22"><span class='ocrx_word' id='word_1_52' title='bbox 362 1295 430 1367; x_wconf 77' lang='lat' dir='ltr'><strong>tin</strong></span> <span class='ocrx_word' id='word_1_53' title='bbox 449 1311 555 1365; x_wconf 90' lang='lat' dir='ltr'><strong>totum</strong></span> <span class='ocrx_word' id='word_1_54' title='bbox 575 1295 673 1366; x_wconf 93' lang='lat' dir='ltr'><strong>nullis</strong></span> <span class='ocrx_word' id='word_1_55' title='bbox 693 1320 832 1382; x_wconf 89' lang='lat' dir='ltr'><strong>nocere,</strong></span> <span class='ocrx_word' id='word_1_56' title='bbox 855 1293 975 1389; x_wconf 86' lang='lat' dir='ltr'><strong>quibus</strong></span> <span class='ocrx_word' id='word_1_57' title='bbox 996 1318 1064 1363; x_wconf 91' lang='lat' dir='ltr'><strong>non</strong></span> <span class='ocrx_word' id='word_1_58' title='bbox 1092 1293 1134 1362; x_wconf 89' lang='lat' dir='ltr'><strong>sit</strong></span> <span class='ocrx_word' id='word_1_59' title='bbox 1153 1293 1294 1387; x_wconf 83' lang='lat' dir='ltr'><strong>sanguis.</strong></span> <span class='ocrx_word' id='word_1_60' title='bbox 1315 1291 1461 1382; x_wconf 89' lang='lat' dir='ltr'><strong>Quidam</strong></span> 
     </span>
     <span class='ocr_line' id='line_1_9' title="bbox 395 1397 1460 1498; baseline -0.003 -27"><span class='ocrx_word' id='word_1_61' title='bbox 395 1416 430 1471; x_wconf 88' lang='lat' dir='ltr'><strong>et</strong></span> <span class='ocrx_word' id='word_1_62' title='bbox 444 1403 487 1471; x_wconf 92' lang='lat' dir='ltr'><strong>ab</strong></span> <span class='ocrx_word' id='word_1_63' title='bbox 505 1403 582 1498; x_wconf 88' lang='lat' dir='ltr'><strong>ipsis</strong></span> <span class='ocrx_word' id='word_1_64' title='bbox 596 1402 700 1472; x_wconf 87' lang='lat' dir='ltr'><strong>fetum</strong></span> <span class='ocrx_word' id='word_1_65' title='bbox 716 1400 870 1472; x_wconf 86' lang='lat' dir='ltr'><strong>devorari</strong></span> <span class='ocrx_word' id='word_1_66' title='bbox 883 1400 1094 1470; x_wconf 84' lang='lat' dir='ltr'><strong>arbitrantur.</strong></span> <span class='ocrx_word' id='word_1_67' title='bbox 1110 1399 1226 1468; x_wconf 91' lang='lat' dir='ltr'><strong>Unum</strong></span> <span class='ocrx_word' id='word_1_68' title='bbox 1241 1397 1343 1468; x_wconf 90' lang='lat' dir='ltr'><strong>modo</strong></span> <span class='ocrx_word' id='word_1_69' title='bbox 1362 1397 1460 1468; x_wconf 90' lang='lat' dir='ltr'><strong>relin-</strong></span> 
     </span>
     <span class='ocr_line' id='line_1_10' title="bbox 396 1503 1460 1606; baseline -0.004 -28"><span class='ocrx_word' id='word_1_70' title='bbox 396 1510 453 1602; x_wconf 92' lang='lat' dir='ltr'><strong>qui</strong></span> <span class='ocrx_word' id='word_1_71' title='bbox 469 1506 734 1597; x_wconf 87' lang='lat' dir='ltr'><strong>solertissimum‚</strong></span> <span class='ocrx_word' id='word_1_72' title='bbox 756 1523 789 1579; x_wconf 89' lang='lat' dir='ltr'><strong>et</strong></span> <span class='ocrx_word' id='word_1_73' title='bbox 803 1508 860 1603; x_wconf 91' lang='lat' dir='ltr'><strong>qui</strong></span> <span class='ocrx_word' id='word_1_74' title='bbox 878 1533 912 1577; x_wconf 90' lang='lat' dir='ltr'><strong>se</strong></span> <span class='ocrx_word' id='word_1_75' title='bbox 933 1508 1034 1602; x_wconf 91' lang='lat' dir='ltr'><strong>ipsius</strong></span> <span class='ocrx_word' id='word_1_76' title='bbox 1054 1505 1169 1575; x_wconf 89' lang='lat' dir='ltr'><strong>matris</strong></span> <span class='ocrx_word' id='word_1_77' title='bbox 1188 1503 1340 1576; x_wconf 92' lang='lat' dir='ltr'><strong>clunibus</strong></span> <span class='ocrx_word' id='word_1_78' title='bbox 1354 1506 1460 1606; x_wconf 81' lang='lat' dir='ltr'><strong>impo-</strong></span> 
     </span>
     <span class='ocr_line' id='line_1_11' title="bbox 318 1610 1461 1703; baseline 0 -22"><span class='ocrx_word' id='word_1_79' title='bbox 318 1642 323 1651; x_wconf 75' lang='grc'><strong><em>’</em></strong></span> <span class='ocrx_word' id='word_1_80' title='bbox 396 1614 522 1703; x_wconf 92' lang='lat' dir='ltr'><strong>nendo,</strong></span> <span class='ocrx_word' id='word_1_81' title='bbox 538 1629 629 1685; x_wconf 91' lang='lat' dir='ltr'><strong>tutus</strong></span> <span class='ocrx_word' id='word_1_82' title='bbox 646 1630 713 1685; x_wconf 88' lang='lat' dir='ltr'><strong>eta</strong></span> <span class='ocrx_word' id='word_1_83' title='bbox 732 1614 850 1702; x_wconf 89' lang='lat' dir='ltr'><strong>cauda,</strong></span> <span class='ocrx_word' id='word_1_84' title='bbox 869 1627 903 1682; x_wconf 91' lang='lat' dir='ltr'><strong>et</strong></span> <span class='ocrx_word' id='word_1_85' title='bbox 924 1636 944 1681; x_wconf 91' lang='lat' dir='ltr'><strong>a</strong></span> <span class='ocrx_word' id='word_1_86' title='bbox 965 1637 1077 1682; x_wconf 91' lang='lat' dir='ltr'><strong>morsu</strong></span> <span class='ocrx_word' id='word_1_87' title='bbox 1092 1610 1166 1682; x_wconf 91' lang='lat' dir='ltr'><strong>loco</strong></span> <span class='ocrx_word' id='word_1_88' title='bbox 1180 1610 1250 1680; x_wconf 88' lang='lat' dir='ltr'><strong>fiat.</strong></span> <span class='ocrx_word' id='word_1_89' title='bbox 1272 1615 1372 1680; x_wconf 87' lang='lat' dir='ltr'><strong>Hunc</strong></span> <span class='ocrx_word' id='word_1_90' title='bbox 1390 1635 1461 1681; x_wconf 86' lang='lat' dir='ltr'><strong>esse</strong></span> 
     </span>
     <span class='ocr_line' id='line_1_12' title="bbox 396 1707 1462 1850; baseline 0 -63"><span class='ocrx_word' id='word_1_91' title='bbox 396 1718 598 1816; x_wconf 83' lang='lat' dir='ltr'><strong>reliquorum</strong></span> <span class='ocrx_word' id='word_1_92' title='bbox 623 1720 782 1809; x_wconf 89' lang='lat' dir='ltr'><strong>ultorem,</strong></span> <span class='ocrx_word' id='word_1_93' title='bbox 813 1721 869 1816; x_wconf 92' lang='lat' dir='ltr'><strong>qui</strong></span> <span class='ocrx_word' id='word_1_94' title='bbox 892 1734 1062 1850; x_wconf 85' lang='lat' dir='ltr'><strong>postremo</strong></span> <span class='ocrx_word' id='word_1_95' title='bbox 1083 1719 1249 1814; x_wconf 81' lang='lat' dir='ltr'><strong>genitores</strong></span> <span class='ocrx_word' id='word_1_96' title='bbox 1276 1743 1420 1813; x_wconf 87' lang='lat' dir='ltr'><strong>superne</strong></span> <span class='ocrx_word' id='word_1_97' title='bbox 1435 1707 1462 1744; x_wconf 77' lang='lat'><strong>&#39;⁴</strong></span> 
     </span>
     <span class='ocr_line' id='line_1_13' title="bbox 396 1821 1524 1908; baseline -0.004 -14"><span class='ocrx_word' id='word_1_98' title='bbox 396 1825 562 1896; x_wconf 86' lang='lat' dir='ltr'><strong>conficiat.</strong></span> <span class='ocrx_word' id='word_1_99' title='bbox 579 1823 896 1908; x_wconf 82' lang='lat' dir='ltr'><strong>Pariunturautem²</strong></span> <span class='ocrx_word' id='word_1_100' title='bbox 923 1824 1055 1894; x_wconf 90' lang='lat' dir='ltr'><strong>undeni.</strong></span> <span class='ocrx_word' id='word_1_101' title='bbox 1150 1857 1154 1866; x_wconf 64' lang='grc'>’</span> <span class='ocrx_word' id='word_1_102' title='bbox 1518 1821 1524 1836; x_wconf 74' lang='lat'>&#39;</span> 
     </span>
     <span class='ocr_line' id='line_1_14' title="bbox 363 1923 1461 2026; baseline -0.001 -25"><span class='ocrx_word' id='word_1_103' title='bbox 363 1967 374 2001; x_wconf 84' lang='lat'>1</span> <span class='ocrx_word' id='word_1_104' title='bbox 448 1935 577 2002; x_wconf 85' lang='lat' dir='ltr'><strong>XXXI.</strong></span> <span class='ocrx_word' id='word_1_105' title='bbox 605 1923 738 2026; x_wconf 81' lang='lat' dir='ltr'><strong>(xxvi.)</strong></span> <span class='ocrx_word' id='word_1_106' title='bbox 765 1929 1036 2002; x_wconf 85' lang='lat' dir='ltr'><strong>Chamaeleonum</strong></span> <span class='ocrx_word' id='word_1_107' title='bbox 1073 1927 1263 2000; x_wconf 85' lang='lat' dir='ltr'><strong>stelliones¹</strong></span> <span class='ocrx_word' id='word_1_108' title='bbox 1298 1930 1461 2024; x_wconf 89' lang='lat' dir='ltr'><strong>quodam·</strong></span> 
     </span>
    </p>
   </div>
   <div class='ocr_carea' id='block_1_3' title="bbox 340 2126 1492 4181">
    <p class='ocr_par' dir='ltr' id='par_1_3' title="bbox 340 2126 1492 4181">
     <span class='ocr_line' id='line_1_15' title="bbox 432 2126 1462 2198; baseline 0 -18"><span class='ocrx_word' id='word_1_109' title='bbox 432 2145 474 2180; x_wconf 82' lang='lat' dir='ltr'><strong>so.</strong></span> <span class='ocrx_word' id='word_1_110' title='bbox 497 2134 528 2178; x_wconf 80' lang='lat' dir='ltr'><strong>1a</strong></span> <span class='ocrx_word' id='word_1_111' title='bbox 549 2130 656 2192; x_wconf 64' lang='lat' dir='ltr'><strong>arsitia</strong></span> <span class='ocrx_word' id='word_1_112' title='bbox 680 2129 712 2181; x_wconf 91' lang='lat' dir='ltr'><strong>In</strong></span> <span class='ocrx_word' id='word_1_113' title='bbox 736 2129 812 2182; x_wconf 84' lang='lat' dir='ltr'><strong>Caria</strong></span> <span class='ocrx_word' id='word_1_114' title='bbox 842 2126 909 2180; x_wconf 86' lang='lat' dir='ltr'><strong>dixit</strong></span> <span class='ocrx_word' id='word_1_115' title='bbox 1000 2132 1041 2190; x_wconf 70' lang='lat' dir='ltr'><strong>st.</strong></span> <span class='ocrx_word' id='word_1_116' title='bbox 1065 2132 1182 2196; x_wconf 60' lang='lat' dir='ltr'><strong>amane.</strong></span> <span class='ocrx_word' id='word_1_117' title='bbox 1210 2127 1296 2180; x_wconf 88' lang='lat' dir='ltr'><strong>Dorso</strong></span> <span class='ocrx_word' id='word_1_118' title='bbox 1317 2139 1462 2198; x_wconf 88' lang='lat' dir='ltr'><strong>parentum</strong></span> 
     </span>
     <span class='ocr_line' id='line_1_16' title="bbox 397 2203 1462 2273; baseline 0.004 -15"><span class='ocrx_word' id='word_1_119' title='bbox 397 2206 506 2259; x_wconf 80' lang='lat' dir='ltr'><strong>Aristct.</strong></span> <span class='ocrx_word' id='word_1_120' title='bbox 523 2207 573 2260; x_wconf 91' lang='lat' dir='ltr'><strong>loc.</strong></span> <span class='ocrx_word' id='word_1_121' title='bbox 591 2207 663 2260; x_wconf 89' lang='lat' dir='ltr'><strong>citat.</strong></span> <span class='ocrx_word' id='word_1_122' title='bbox 681 2208 806 2262; x_wconf 81' lang='lat' dir='ltr'><strong>Albertns</strong></span> <span class='ocrx_word' id='word_1_123' title='bbox 825 2208 862 2260; x_wconf 83' lang='lat' dir='ltr'><strong>H.</strong></span> <span class='ocrx_word' id='word_1_124' title='bbox 875 2205 909 2260; x_wconf 92' lang='lat' dir='ltr'><strong>de</strong></span> <span class='ocrx_word' id='word_1_125' title='bbox 952 2203 1086 2273; x_wconf 88' lang='lat' dir='ltr'><strong>insidens,</strong></span> <span class='ocrx_word' id='word_1_126' title='bbox 1116 2206 1178 2260; x_wconf 89' lang='lat' dir='ltr'><strong>inde</strong></span> <span class='ocrx_word' id='word_1_127' title='bbox 1204 2225 1295 2260; x_wconf 79' lang='lat' dir='ltr'><strong>morus</strong></span> <span class='ocrx_word' id='word_1_128' title='bbox 1321 2218 1348 2259; x_wconf 86' lang='lat' dir='ltr'><strong>et</strong></span> <span class='ocrx_word' id='word_1_129' title='bbox 1371 2208 1462 2262; x_wconf 68' lang='lat' dir='ltr'><strong>cauda</strong></span> 
     </span>
     <span class='ocr_line' id='line_1_17' title="bbox 398 2285 1345 2358; baseline 0 -20"><span class='ocrx_word' id='word_1_130' title='bbox 398 2285 512 2338; x_wconf 78' lang='lat' dir='ltr'><strong>Animal.</strong></span> <span class='ocrx_word' id='word_1_131' title='bbox 522 2286 569 2338; x_wconf 80' lang='lat' dir='ltr'><strong>lib.</strong></span> <span class='ocrx_word' id='word_1_132' title='bbox 583 2286 654 2350; x_wconf 86' lang='lat' dir='ltr'><strong>VII,</strong></span> <span class='ocrx_word' id='word_1_133' title='bbox 668 2296 744 2341; x_wconf 87' lang='lat' dir='ltr'><strong>tract.</strong></span> <span class='ocrx_word' id='word_1_134' title='bbox 762 2293 790 2350; x_wconf 70' lang='lat'><strong>4,</strong></span> <span class='ocrx_word' id='word_1_135' title='bbox 804 2305 860 2358; x_wconf 88' lang='lat' dir='ltr'><strong>cap.</strong></span> <span class='ocrx_word' id='word_1_136' title='bbox 876 2286 908 2351; x_wconf 82' lang='lat'><strong>5,</strong></span> <span class='ocrx_word' id='word_1_137' title='bbox 952 2285 1056 2356; x_wconf 89' lang='lat' dir='ltr'><strong>spiculo</strong></span> <span class='ocrx_word' id='word_1_138' title='bbox 1069 2304 1114 2340; x_wconf 90' lang='lat' dir='ltr'><strong>eos</strong></span> <span class='ocrx_word' id='word_1_139' title='bbox 1129 2285 1243 2338; x_wconf 82' lang='lat' dir='ltr'><strong>coniicit.</strong></span> <span class='ocrx_word' id='word_1_140' title='bbox 1256 2286 1345 2339; x_wconf 80' lang='lat' dir='ltr'><strong>Hann.</strong></span> 
     </span>
     <span class='ocr_line' id='line_1_18' title="bbox 396 2364 1462 2438; baseline 0.001 -21"><span class='ocrx_word' id='word_1_141' title='bbox 396 2383 458 2437; x_wconf 69' lang='lat' dir='ltr'><strong>pag.</strong></span> <span class='ocrx_word' id='word_1_142' title='bbox 475 2365 533 2432; x_wconf 79' lang='lat'><strong>235,</strong></span> <span class='ocrx_word' id='word_1_143' title='bbox 544 2365 572 2418; x_wconf 87' lang='lat' dir='ltr'><strong>in</strong></span> <span class='ocrx_word' id='word_1_144' title='bbox 586 2364 663 2432; x_wconf 76' lang='lat' dir='ltr'><strong>Asia,</strong></span> <span class='ocrx_word' id='word_1_145' title='bbox 676 2376 702 2417; x_wconf 82' lang='lat' dir='ltr'><strong>et</strong></span> <span class='ocrx_word' id='word_1_146' title='bbox 713 2366 837 2438; x_wconf 84' lang='lat' dir='ltr'><strong>pluribus</strong></span> <span class='ocrx_word' id='word_1_147' title='bbox 849 2365 908 2418; x_wconf 89' lang='lat' dir='ltr'><strong>aliis</strong></span> <span class='ocrx_word' id='word_1_148' title='bbox 989 2367 1032 2418; x_wconf 75' lang='lat'><strong>25.</strong></span> <span class='ocrx_word' id='word_1_149' title='bbox 1052 2368 1184 2417; x_wconf 72' lang='lat' dir='ltr'><strong>Patisium</strong></span> <span class='ocrx_word' id='word_1_150' title='bbox 1196 2380 1286 2419; x_wconf 75' lang='lat' dir='ltr'><strong>autem</strong></span> <span class='ocrx_word' id='word_1_151' title='bbox 1301 2367 1381 2420; x_wconf 81' lang='lat' dir='ltr'><strong>Arist.</strong></span> <span class='ocrx_word' id='word_1_152' title='bbox 1397 2365 1462 2419; x_wconf 89' lang='lat' dir='ltr'><strong>Hist.</strong></span> 
     </span>
     <span class='ocr_line' id='line_1_19' title="bbox 340 2443 1461 2517; baseline 0.002 -21"><span class='ocrx_word' id='word_1_153' title='bbox 340 2463 349 2476; x_wconf 91' lang='lat'><strong>·</strong></span> <span class='ocrx_word' id='word_1_154' title='bbox 396 2443 470 2497; x_wconf 85' lang='lat' dir='ltr'><strong>locis.</strong></span> <span class='ocrx_word' id='word_1_155' title='bbox 487 2443 576 2496; x_wconf 81' lang='lat' dir='ltr'><strong>Hann.</strong></span> <span class='ocrx_word' id='word_1_156' title='bbox 952 2443 1214 2515; x_wconf 82' lang='lat' dir='ltr'><strong>Anim.lib.V,cap.</strong></span> <span class='ocrx_word' id='word_1_157' title='bbox 1230 2445 1461 2517; x_wconf 81' lang='lat' dir='ltr'><strong>ar,pag.619.H.</strong></span> 
     </span>
     <span class='ocr_line' id='line_1_20' title="bbox 434 2523 1461 2590; baseline 0.001 -15"><span class='ocrx_word' id='word_1_158' title='bbox 434 2541 476 2576; x_wconf 87' lang='lat' dir='ltr'><strong>sr.</strong></span> <span class='ocrx_word' id='word_1_159' title='bbox 491 2527 581 2577; x_wconf 65' lang='lat' dir='ltr'><strong>&amp;asra</strong></span> <span class='ocrx_word' id='word_1_160' title='bbox 590 2542 688 2575; x_wconf 79' lang='lat' dir='ltr'><strong>venena</strong></span> <span class='ocrx_word' id='word_1_161' title='bbox 698 2527 768 2577; x_wconf 79' lang='lat' dir='ltr'><strong>talia.</strong></span> <span class='ocrx_word' id='word_1_162' title='bbox 780 2524 838 2578; x_wconf 89' lang='lat' dir='ltr'><strong>Hoc</strong></span> <span class='ocrx_word' id='word_1_163' title='bbox 848 2537 908 2589; x_wconf 83' lang='lat' dir='ltr'><strong>est,</strong></span> <span class='ocrx_word' id='word_1_164' title='bbox 987 2523 1088 2576; x_wconf 87' lang='lat' dir='ltr'><strong>xxx1.</strong></span> <span class='ocrx_word' id='word_1_165' title='bbox 1100 2527 1265 2590; x_wconf 79' lang='lat' dir='ltr'><strong>r.Srelliooes.</strong></span> <span class='ocrx_word' id='word_1_166' title='bbox 1272 2523 1363 2578; x_wconf 90' lang='lat' dir='ltr'><strong>Stellio</strong></span> <span class='ocrx_word' id='word_1_167' title='bbox 1371 2524 1461 2578; x_wconf 80' lang='lat' dir='ltr'><strong>lacerti</strong></span> 
     </span>
     <span class='ocr_line' id='line_1_21' title="bbox 397 2602 1462 2676; baseline 0.002 -22"><span class='ocrx_word' id='word_1_168' title='bbox 397 2603 517 2673; x_wconf 85' lang='lat' dir='ltr'><strong>quamvis</strong></span> <span class='ocrx_word' id='word_1_169' title='bbox 540 2602 639 2657; x_wconf 87' lang='lat' dir='ltr'><strong>similes</strong></span> <span class='ocrx_word' id='word_1_170' title='bbox 658 2604 820 2675; x_wconf 80' lang='lat' dir='ltr'><strong>serpentium</strong></span> <span class='ocrx_word' id='word_1_171' title='bbox 840 2603 909 2657; x_wconf 86' lang='lat' dir='ltr'><strong>ictus</strong></span> <span class='ocrx_word' id='word_1_172' title='bbox 951 2620 1036 2673; x_wconf 72' lang='lat' dir='ltr'><strong>genus</strong></span> <span class='ocrx_word' id='word_1_173' title='bbox 1062 2615 1114 2670; x_wconf 90' lang='lat' dir='ltr'><strong>est,</strong></span> <span class='ocrx_word' id='word_1_174' title='bbox 1133 2621 1188 2676; x_wconf 92' lang='lat' dir='ltr'><strong>qno</strong></span> <span class='ocrx_word' id='word_1_175' title='bbox 1209 2602 1296 2670; x_wconf 87' lang='lat' dir='ltr'><strong>Galli,</strong></span> <span class='ocrx_word' id='word_1_176' title='bbox 1315 2603 1462 2668; x_wconf 83' lang='lat' dir='ltr'><strong>Germani,</strong></span> 
     </span>
     <span class='ocr_line' id='line_1_22' title="bbox 397 2681 1463 2756; baseline 0.004 -23"><span class='ocrx_word' id='word_1_177' title='bbox 397 2682 444 2735; x_wconf 80' lang='lat' dir='ltr'><strong>vix</strong></span> <span class='ocrx_word' id='word_1_178' title='bbox 463 2683 594 2748; x_wconf 82' lang='lat' dir='ltr'><strong>sentiant,</strong></span> <span class='ocrx_word' id='word_1_179' title='bbox 615 2682 651 2735; x_wconf 89' lang='lat' dir='ltr'><strong>ob</strong></span> <span class='ocrx_word' id='word_1_180' title='bbox 674 2683 748 2754; x_wconf 86' lang='lat' dir='ltr'><strong>pellis</strong></span> <span class='ocrx_word' id='word_1_181' title='bbox 768 2682 909 2756; x_wconf 73' lang='lat' dir='ltr'><strong>adipisque</strong></span> <span class='ocrx_word' id='word_1_182' title='bbox 952 2681 1082 2756; x_wconf 79' lang='lat' dir='ltr'><strong>Anglique</strong></span> <span class='ocrx_word' id='word_1_183' title='bbox 1107 2694 1199 2735; x_wconf 71' lang='lat' dir='ltr'><strong>urent</strong></span> <span class='ocrx_word' id='word_1_184' title='bbox 1217 2703 1224 2736; x_wconf 91' lang='lat'><strong>:</strong></span> <span class='ocrx_word' id='word_1_185' title='bbox 1244 2685 1322 2754; x_wconf 84' lang='lat' dir='ltr'><strong>cujus</strong></span> <span class='ocrx_word' id='word_1_186' title='bbox 1349 2682 1463 2756; x_wconf 87' lang='lat' dir='ltr'><strong>proinde</strong></span> 
     </span>
     <span class='ocr_line' id='line_1_23' title="bbox 396 2760 1463 2835; baseline 0.001 -19"><span class='ocrx_word' id='word_1_187' title='bbox 396 2761 550 2816; x_wconf 77' lang='lat' dir='ltr'><strong>crassitiem.</strong></span> <span class='ocrx_word' id='word_1_188' title='bbox 559 2761 632 2827; x_wconf 87' lang='lat' dir='ltr'><strong>Quin</strong></span> <span class='ocrx_word' id='word_1_189' title='bbox 642 2773 668 2814; x_wconf 91' lang='lat' dir='ltr'><strong>et</strong></span> <span class='ocrx_word' id='word_1_190' title='bbox 677 2763 791 2816; x_wconf 85' lang='lat' dir='ltr'><strong>asuibus</strong></span> <span class='ocrx_word' id='word_1_191' title='bbox 799 2762 910 2835; x_wconf 87' lang='lat' dir='ltr'><strong>impune</strong></span> <span class='ocrx_word' id='word_1_192' title='bbox 952 2777 1050 2813; x_wconf 89' lang='lat' dir='ltr'><strong>nomen</strong></span> <span class='ocrx_word' id='word_1_193' title='bbox 1059 2761 1079 2812; x_wconf 88' lang='lat' dir='ltr'><strong>ii</strong></span> <span class='ocrx_word' id='word_1_194' title='bbox 1089 2761 1195 2814; x_wconf 86' lang='lat' dir='ltr'><strong>nullum</strong></span> <span class='ocrx_word' id='word_1_195' title='bbox 1205 2760 1317 2825; x_wconf 83' lang='lat' dir='ltr'><strong>babent,</strong></span> <span class='ocrx_word' id='word_1_196' title='bbox 1335 2773 1401 2816; x_wconf 81' lang='lat' dir='ltr'><strong>teste</strong></span> <span class='ocrx_word' id='word_1_197' title='bbox 1409 2762 1463 2817; x_wconf 87' lang='lat' dir='ltr'><strong>Ge·</strong></span> 
     </span>
     <span class='ocr_line' id='line_1_24' title="bbox 395 2839 1462 2915; baseline 0.003 -21"><span class='ocrx_word' id='word_1_198' title='bbox 395 2839 563 2894; x_wconf 71' lang='lat' dir='ltr'><strong>salamandra</strong></span> <span class='ocrx_word' id='word_1_199' title='bbox 585 2839 728 2908; x_wconf 88' lang='lat' dir='ltr'><strong>manditur,</strong></span> <span class='ocrx_word' id='word_1_200' title='bbox 754 2853 785 2895; x_wconf 89' lang='lat' dir='ltr'><strong>nt</strong></span> <span class='ocrx_word' id='word_1_201' title='bbox 809 2843 908 2895; x_wconf 83' lang='lat' dir='ltr'><strong>Plinius</strong></span> <span class='ocrx_word' id='word_1_202' title='bbox 952 2857 1039 2907; x_wconf 81' lang='lat' dir='ltr'><strong>suern,</strong></span> <span class='ocrx_word' id='word_1_203' title='bbox 1050 2840 1095 2894; x_wconf 91' lang='lat' dir='ltr'><strong>lib.</strong></span> <span class='ocrx_word' id='word_1_204' title='bbox 1104 2839 1138 2894; x_wconf 89' lang='lat' dir='ltr'><strong>de</strong></span> <span class='ocrx_word' id='word_1_205' title='bbox 1147 2839 1287 2914; x_wconf 88' lang='lat' dir='ltr'><strong>Quadrup.</strong></span> <span class='ocrx_word' id='word_1_206' title='bbox 1300 2840 1371 2914; x_wconf 85' lang='lat' dir='ltr'><strong>orip.</strong></span> <span class='ocrx_word' id='word_1_207' title='bbox 1381 2861 1410 2915; x_wconf 87' lang='lat' dir='ltr'><strong>p.</strong></span> <span class='ocrx_word' id='word_1_208' title='bbox 1419 2861 1462 2912; x_wconf 84' lang='lat'><strong>9²·</strong></span> 
     </span>
     <span class='ocr_line' id='line_1_25' title="bbox 396 2917 1462 2989; baseline 0.004 -19"><span class='ocrx_word' id='word_1_209' title='bbox 396 2917 493 2985; x_wconf 85' lang='lat' dir='ltr'><strong>tradit,</strong></span> <span class='ocrx_word' id='word_1_210' title='bbox 507 2918 555 2971; x_wconf 90' lang='lat' dir='ltr'><strong>lib.</strong></span> <span class='ocrx_word' id='word_1_211' title='bbox 568 2917 669 2983; x_wconf 83' lang='lat' dir='ltr'><strong>XXIX,</strong></span> <span class='ocrx_word' id='word_1_212' title='bbox 678 2937 736 2989; x_wconf 88' lang='lat' dir='ltr'><strong>cap.</strong></span> <span class='ocrx_word' id='word_1_213' title='bbox 749 2920 791 2973; x_wconf 75' lang='lat' dir='ltr'><strong>sd.</strong></span> <span class='ocrx_word' id='word_1_214' title='bbox 803 2918 907 2973; x_wconf 83' lang='lat' dir='ltr'><strong>Easdem</strong></span> <span class='ocrx_word' id='word_1_215' title='bbox 950 2917 1048 2972; x_wconf 81' lang='lat' dir='ltr'><strong>Graecis</strong></span> <span class='ocrx_word' id='word_1_216' title='bbox 1058 2931 1097 2972; x_wconf 88' lang='lat' dir='ltr'><strong>est</strong></span> <span class='ocrx_word' id='word_1_217' title='bbox 1106 2918 1286 2984; x_wconf 66' lang='grc' dir='ltr'><strong>ἀσκιλιῦώτκ,</strong></span> <span class='ocrx_word' id='word_1_218' title='bbox 1297 2931 1324 2973; x_wconf 89' lang='lat' dir='ltr'><strong>et</strong></span> <span class='ocrx_word' id='word_1_219' title='bbox 1334 2923 1462 2988; x_wconf 60' lang='lat' dir='ltr'><strong>auterre,</strong></span> 
     </span>
     <span class='ocr_line' id='line_1_26' title="bbox 397 2997 1461 3070; baseline 0.005 -21"><span class='ocrx_word' id='word_1_220' title='bbox 397 2997 738 3070; x_wconf 80' lang='lat' dir='ltr'><strong>pereussreaserpentilsus,</strong></span> <span class='ocrx_word' id='word_1_221' title='bbox 751 3015 907 3056; x_wconf 84' lang='lat' dir='ltr'><strong>cancrorum</strong></span> <span class='ocrx_word' id='word_1_222' title='bbox 951 3008 978 3051; x_wconf 90' lang='lat' dir='ltr'><strong>et</strong></span> <span class='ocrx_word' id='word_1_223' title='bbox 1006 2999 1137 3070; x_wconf 67' lang='grc' dir='ltr'><strong>γαλιώπς.</strong></span> <span class='ocrx_word' id='word_1_224' title='bbox 1156 2997 1247 3052; x_wconf 85' lang='lat' dir='ltr'><strong>Hasn.</strong></span> <span class='ocrx_word' id='word_1_225' title='bbox 1270 3029 1305 3040; x_wconf 82' lang='lat'><strong>-·</strong></span> <span class='ocrx_word' id='word_1_226' title='bbox 1324 3003 1461 3054; x_wconf 77' lang='lat' dir='ltr'><strong>stelliones.</strong></span> 
     </span>
     <span class='ocr_line' id='line_1_27' title="bbox 397 3075 1462 3149; baseline 0.007 -22"><span class='ocrx_word' id='word_1_227' title='bbox 397 3094 444 3128; x_wconf 88' lang='lat' dir='ltr'><strong>esu</strong></span> <span class='ocrx_word' id='word_1_228' title='bbox 457 3075 507 3128; x_wconf 88' lang='lat' dir='ltr'><strong>sibi</strong></span> <span class='ocrx_word' id='word_1_229' title='bbox 524 3075 677 3136; x_wconf 87' lang='lat' dir='ltr'><strong>medentur,</strong></span> <span class='ocrx_word' id='word_1_230' title='bbox 686 3087 718 3128; x_wconf 91' lang='lat' dir='ltr'><strong>ut</strong></span> <span class='ocrx_word' id='word_1_231' title='bbox 733 3075 805 3130; x_wconf 86' lang='lat' dir='ltr'><strong>idem</strong></span> <span class='ocrx_word' id='word_1_232' title='bbox 815 3075 908 3140; x_wconf 84' lang='lat' dir='ltr'><strong>docet,</strong></span> <span class='ocrx_word' id='word_1_233' title='bbox 952 3077 1038 3142; x_wconf 83' lang='lat' dir='ltr'><strong>Quem</strong></span> <span class='ocrx_word' id='word_1_234' title='bbox 1054 3076 1144 3130; x_wconf 89' lang='lat' dir='ltr'><strong>Latini</strong></span> <span class='ocrx_word' id='word_1_235' title='bbox 1164 3076 1291 3131; x_wconf 85' lang='lat' dir='ltr'><strong>dixerunt</strong></span> <span class='ocrx_word' id='word_1_236' title='bbox 1303 3079 1462 3149; x_wconf 84' lang='lat' dir='ltr'><strong>stellionem,</strong></span> 
     </span>
     <span class='ocr_line' id='line_1_28' title="bbox 397 3153 1461 3227; baseline 0.005 -20"><span class='ocrx_word' id='word_1_237' title='bbox 397 3153 443 3207; x_wconf 92' lang='lat' dir='ltr'><strong>lib.</strong></span> <span class='ocrx_word' id='word_1_238' title='bbox 458 3154 584 3219; x_wconf 80' lang='lat' dir='ltr'><strong>XXXII,</strong></span> <span class='ocrx_word' id='word_1_239' title='bbox 600 3173 658 3227; x_wconf 84' lang='lat' dir='ltr'><strong>cap.</strong></span> <span class='ocrx_word' id='word_1_240' title='bbox 676 3173 716 3225; x_wconf 87' lang='lat'><strong>¹9·</strong></span> <span class='ocrx_word' id='word_1_241' title='bbox 731 3155 766 3207; x_wconf 87' lang='lat' dir='ltr'><strong>Et</strong></span> <span class='ocrx_word' id='word_1_242' title='bbox 774 3155 842 3210; x_wconf 88' lang='lat' dir='ltr'><strong>alios</strong></span> <span class='ocrx_word' id='word_1_243' title='bbox 855 3175 908 3210; x_wconf 85' lang='lat' dir='ltr'><strong>ser·</strong></span> <span class='ocrx_word' id='word_1_244' title='bbox 951 3155 1461 3217; x_wconf 70' lang='lat' dir='ltr'><strong>Greciaiuntdsadtadss,deea.tada&#39;sm.</strong></span> 
     </span>
     <span class='ocr_line' id='line_1_29' title="bbox 397 3235 1461 3310; baseline 0.009 -26"><span class='ocrx_word' id='word_1_245' title='bbox 397 3244 489 3303; x_wconf 88' lang='lat' dir='ltr'><strong>pentes</strong></span> <span class='ocrx_word' id='word_1_246' title='bbox 508 3244 621 3300; x_wconf 77' lang='lat' dir='ltr'><strong>vorant,</strong></span> <span class='ocrx_word' id='word_1_247' title='bbox 642 3245 707 3288; x_wconf 90' lang='lat' dir='ltr'><strong>teste</strong></span> <span class='ocrx_word' id='word_1_248' title='bbox 731 3235 908 3308; x_wconf 87' lang='lat' dir='ltr'><strong>Philosopho,</strong></span> <span class='ocrx_word' id='word_1_249' title='bbox 951 3236 1097 3290; x_wconf 86' lang='lat' dir='ltr'><strong>Islacertus</strong></span> <span class='ocrx_word' id='word_1_250' title='bbox 1107 3235 1153 3289; x_wconf 90' lang='lat' dir='ltr'><strong>ille</strong></span> <span class='ocrx_word' id='word_1_251' title='bbox 1164 3238 1241 3290; x_wconf 88' lang='lat' dir='ltr'><strong>estin</strong></span> <span class='ocrx_word' id='word_1_252' title='bbox 1255 3257 1335 3310; x_wconf 92' lang='lat' dir='ltr'><strong>quem</strong></span> <span class='ocrx_word' id='word_1_253' title='bbox 1346 3251 1461 3294; x_wconf 87' lang='lat' dir='ltr'><strong>transtu·</strong></span> 
     </span>
     <span class='ocr_line' id='line_1_30' title="bbox 397 3311 1461 3386; baseline 0.008 -22"><span class='ocrx_word' id='word_1_254' title='bbox 397 3311 464 3364; x_wconf 89' lang='lat' dir='ltr'><strong>Hist.</strong></span> <span class='ocrx_word' id='word_1_255' title='bbox 477 3313 522 3365; x_wconf 87' lang='lat' dir='ltr'><strong>lib.</strong></span> <span class='ocrx_word' id='word_1_256' title='bbox 541 3313 582 3364; x_wconf 86' lang='lat' dir='ltr'><strong>IX</strong></span> <span class='ocrx_word' id='word_1_257' title='bbox 590 3348 599 3378; x_wconf 94' lang='lat'><strong>,</strong></span> <span class='ocrx_word' id='word_1_258' title='bbox 608 3331 667 3384; x_wconf 84' lang='lat' dir='ltr'><strong>cap.</strong></span> <span class='ocrx_word' id='word_1_259' title='bbox 678 3333 704 3380; x_wconf 81' lang='lat' dir='ltr'><strong>a,</strong></span> <span class='ocrx_word' id='word_1_260' title='bbox 716 3332 745 3386; x_wconf 93' lang='lat' dir='ltr'><strong>p.</strong></span> <span class='ocrx_word' id='word_1_261' title='bbox 763 3319 839 3368; x_wconf 75' lang='lat' dir='ltr'><strong>roob.</strong></span> <span class='ocrx_word' id='word_1_262' title='bbox 853 3314 889 3368; x_wconf 92' lang='lat' dir='ltr'><strong>H.</strong></span> <span class='ocrx_word' id='word_1_263' title='bbox 951 3313 1239 3369; x_wconf 80' lang='lat' dir='ltr'><strong>litCeresAscalabum.</strong></span> <span class='ocrx_word' id='word_1_264' title='bbox 1248 3315 1384 3372; x_wconf 85' lang='lat' dir='ltr'><strong>Nicander</strong></span> <span class='ocrx_word' id='word_1_265' title='bbox 1392 3319 1461 3372; x_wconf 85' lang='lat' dir='ltr'><strong>The·</strong></span> 
     </span>
     <span class='ocr_line' id='line_1_31' title="bbox 435 3391 1461 3463; baseline 0.009 -20"><span class='ocrx_word' id='word_1_266' title='bbox 435 3408 476 3443; x_wconf 85' lang='lat' dir='ltr'><strong>as.</strong></span> <span class='ocrx_word' id='word_1_267' title='bbox 484 3392 576 3460; x_wconf 71' lang='lat' dir='ltr'><strong>Nigrus</strong></span> <span class='ocrx_word' id='word_1_268' title='bbox 587 3396 693 3460; x_wconf 80' lang='lat' dir='ltr'><strong>quidem.</strong></span> <span class='ocrx_word' id='word_1_269' title='bbox 704 3391 907 3446; x_wconf 76' lang='lat' dir='ltr'><strong>Snevadelicet.</strong></span> <span class='ocrx_word' id='word_1_270' title='bbox 950 3394 1015 3448; x_wconf 86' lang='lat' dir='ltr'><strong>riae.</strong></span> <span class='ocrx_word' id='word_1_271' title='bbox 1032 3412 1069 3448; x_wconf 81' lang='lat' dir='ltr'><strong>vs.</strong></span> <span class='ocrx_word' id='word_1_272' title='bbox 1079 3397 1141 3462; x_wconf 72' lang='grc'><strong>483;</strong></span> <span class='ocrx_word' id='word_1_273' title='bbox 1155 3395 1304 3450; x_wconf 82' lang='lat' dir='ltr'><strong>Antoninus</strong></span> <span class='ocrx_word' id='word_1_274' title='bbox 1315 3397 1461 3463; x_wconf 86' lang='lat' dir='ltr'><strong>Liberalis,</strong></span> 
     </span>
     <span class='ocr_line' id='line_1_32' title="bbox 398 3468 1463 3548; baseline 0.01 -29"><span class='ocrx_word' id='word_1_275' title='bbox 398 3468 537 3534; x_wconf 63' lang='lat' dir='ltr'><strong>tilbertus,</strong></span> <span class='ocrx_word' id='word_1_276' title='bbox 554 3471 605 3524; x_wconf 91' lang='lat' dir='ltr'><strong>loc.</strong></span> <span class='ocrx_word' id='word_1_277' title='bbox 628 3471 699 3525; x_wconf 87' lang='lat' dir='ltr'><strong>citat.</strong></span> <span class='ocrx_word' id='word_1_278' title='bbox 723 3497 735 3519; x_wconf 89' lang='grc' dir='ltr'>ι</span> <span class='ocrx_word' id='word_1_279' title='bbox 747 3471 907 3545; x_wconf 81' lang='lat' dir='ltr'><strong>scorpiones</strong></span> <span class='ocrx_word' id='word_1_280' title='bbox 951 3491 1010 3545; x_wconf 89' lang='lat' dir='ltr'><strong>cap.</strong></span> <span class='ocrx_word' id='word_1_281' title='bbox 1022 3481 1065 3538; x_wconf 59' lang='lat' dir='ltr'><strong>aa,</strong></span> <span class='ocrx_word' id='word_1_282' title='bbox 1076 3474 1223 3528; x_wconf 79' lang='lat' dir='ltr'><strong>Ascalabon</strong></span> <span class='ocrx_word' id='word_1_283' title='bbox 1237 3493 1344 3548; x_wconf 88' lang='lat' dir='ltr'><strong>quoque</strong></span> <span class='ocrx_word' id='word_1_284' title='bbox 1361 3495 1463 3530; x_wconf 86' lang='lat' dir='ltr'><strong>nuncn-</strong></span> 
     </span>
     <span class='ocr_line' id='line_1_33' title="bbox 398 3546 1460 3626; baseline 0.008 -26"><span class='ocrx_word' id='word_1_285' title='bbox 398 3546 507 3620; x_wconf 90' lang='lat' dir='ltr'><strong>quidam</strong></span> <span class='ocrx_word' id='word_1_286' title='bbox 527 3562 672 3622; x_wconf 76' lang='lat' dir='ltr'><strong>pungentes</strong></span> <span class='ocrx_word' id='word_1_287' title='bbox 690 3569 805 3623; x_wconf 86' lang='lat' dir='ltr'><strong>porcos,</strong></span> <span class='ocrx_word' id='word_1_288' title='bbox 820 3551 909 3622; x_wconf 83' lang='lat' dir='ltr'><strong>nigros</strong></span> <span class='ocrx_word' id='word_1_289' title='bbox 952 3565 1024 3626; x_wconf 85' lang='lat' dir='ltr'><strong>pant.</strong></span> <span class='ocrx_word' id='word_1_290' title='bbox 1043 3552 1114 3606; x_wconf 84' lang='lat' dir='ltr'><strong>Naso</strong></span> <span class='ocrx_word' id='word_1_291' title='bbox 1128 3555 1236 3610; x_wconf 80' lang='lat' dir='ltr'><strong>Metam.</strong></span> <span class='ocrx_word' id='word_1_292' title='bbox 1250 3554 1297 3606; x_wconf 92' lang='lat' dir='ltr'><strong>lib.</strong></span> <span class='ocrx_word' id='word_1_293' title='bbox 1309 3555 1342 3616; x_wconf 88' lang='lat' dir='ltr'><strong>V,</strong></span> <span class='ocrx_word' id='word_1_294' title='bbox 1352 3573 1391 3608; x_wconf 76' lang='lat' dir='ltr'><strong>vs.</strong></span> <span class='ocrx_word' id='word_1_295' title='bbox 1408 3557 1460 3619; x_wconf 75' lang='lat'><strong>450</strong></span> 
     </span>
     <span class='ocr_line' id='line_1_34' title="bbox 397 3627 1492 3706; baseline 0.007 -26"><span class='ocrx_word' id='word_1_296' title='bbox 397 3627 545 3700; x_wconf 74' lang='lat' dir='ltr'><strong>precipue,</strong></span> <span class='ocrx_word' id='word_1_297' title='bbox 564 3629 732 3684; x_wconf 74' lang='lat' dir='ltr'><strong>interficiunt.</strong></span> <span class='ocrx_word' id='word_1_298' title='bbox 754 3630 807 3684; x_wconf 87' lang='lat' dir='ltr'><strong>Sed</strong></span> <span class='ocrx_word' id='word_1_299' title='bbox 831 3632 909 3686; x_wconf 88' lang='lat' dir='ltr'><strong>citius</strong></span> <span class='ocrx_word' id='word_1_300' title='bbox 952 3631 1051 3704; x_wconf 88' lang='lat' dir='ltr'><strong>sqq.ad</strong></span> <span class='ocrx_word' id='word_1_301' title='bbox 1061 3631 1179 3686; x_wconf 87' lang='lat' dir='ltr'><strong>eamdem</strong></span> <span class='ocrx_word' id='word_1_302' title='bbox 1192 3633 1309 3686; x_wconf 80' lang='lat' dir='ltr'><strong>fabulam</strong></span> <span class='ocrx_word' id='word_1_303' title='bbox 1319 3635 1462 3706; x_wconf 88' lang='lat' dir='ltr'><strong>respiciens</strong></span> <span class='ocrx_word' id='word_1_304' title='bbox 1486 3631 1492 3644; x_wconf 71' lang='lat'>⁸</span> 
     </span>
     <span class='ocr_line' id='line_1_35' title="bbox 398 3708 1461 3785; baseline 0.008 -27"><span class='ocrx_word' id='word_1_305' title='bbox 398 3708 567 3772; x_wconf 88' lang='lat' dir='ltr'><strong>moriuntur,</strong></span> <span class='ocrx_word' id='word_1_306' title='bbox 584 3709 608 3762; x_wconf 86' lang='lat' dir='ltr'><strong>si</strong></span> <span class='ocrx_word' id='word_1_307' title='bbox 623 3709 711 3763; x_wconf 87' lang='lat' dir='ltr'><strong>statim</strong></span> <span class='ocrx_word' id='word_1_308' title='bbox 725 3722 784 3782; x_wconf 85' lang='lat' dir='ltr'><strong>post</strong></span> <span class='ocrx_word' id='word_1_309' title='bbox 793 3723 908 3782; x_wconf 88' lang='lat' dir='ltr'><strong>punctu·</strong></span> <span class='ocrx_word' id='word_1_310' title='bbox 952 3711 1031 3782; x_wconf 84' lang='lat' dir='ltr'><strong>quale</strong></span> <span class='ocrx_word' id='word_1_311' title='bbox 1043 3711 1108 3766; x_wconf 88' lang='lat' dir='ltr'><strong>buic</strong></span> <span class='ocrx_word' id='word_1_312' title='bbox 1119 3710 1191 3785; x_wconf 89' lang='lat' dir='ltr'><strong>apud</strong></span> <span class='ocrx_word' id='word_1_313' title='bbox 1201 3713 1332 3768; x_wconf 83' lang='lat' dir='ltr'><strong>Romanos</strong></span> <span class='ocrx_word' id='word_1_314' title='bbox 1346 3712 1461 3768; x_wconf 88' lang='lat' dir='ltr'><strong>inditum</strong></span> 
     </span>
     <span class='ocr_line' id='line_1_36' title="bbox 397 3788 1462 3866; baseline 0.008 -28"><span class='ocrx_word' id='word_1_315' title='bbox 397 3805 454 3838; x_wconf 87' lang='lat' dir='ltr'><strong>ram</strong></span> <span class='ocrx_word' id='word_1_316' title='bbox 472 3788 572 3840; x_wconf 85' lang='lat' dir='ltr'><strong>intrant</strong></span> <span class='ocrx_word' id='word_1_317' title='bbox 591 3788 621 3840; x_wconf 91' lang='lat' dir='ltr'><strong>in</strong></span> <span class='ocrx_word' id='word_1_318' title='bbox 634 3807 747 3861; x_wconf 86' lang='lat' dir='ltr'><strong>aquam:</strong></span> <span class='ocrx_word' id='word_1_319' title='bbox 768 3790 830 3862; x_wconf 86' lang='lat' dir='ltr'><strong>qnia</strong></span> <span class='ocrx_word' id='word_1_320' title='bbox 845 3803 909 3845; x_wconf 89' lang='lat' dir='ltr'><strong>tunc</strong></span> <span class='ocrx_word' id='word_1_321' title='bbox 952 3809 1050 3844; x_wconf 86' lang='lat' dir='ltr'><strong>nomen</strong></span> <span class='ocrx_word' id='word_1_322' title='bbox 1061 3791 1097 3844; x_wconf 86' lang='lat' dir='ltr'><strong>sic</strong></span> <span class='ocrx_word' id='word_1_323' title='bbox 1111 3791 1228 3844; x_wconf 88' lang='lat' dir='ltr'><strong>indicat:</strong></span> <span class='ocrx_word' id='word_1_324' title='bbox 1241 3817 1254 3836; x_wconf 83' lang='grc' dir='ltr'>ι</span> <span class='ocrx_word' id='word_1_325' title='bbox 1265 3802 1462 3866; x_wconf 87' lang='lat' dir='ltr'><strong>aptumqneco·</strong></span> 
     </span>
     <span class='ocr_line' id='line_1_37' title="bbox 397 3867 1461 3939; baseline 0.006 -20"><span class='ocrx_word' id='word_1_326' title='bbox 397 3885 473 3939; x_wconf 85' lang='lat' dir='ltr'><strong>aquas</strong></span> <span class='ocrx_word' id='word_1_327' title='bbox 492 3867 635 3939; x_wconf 74' lang='lat' dir='ltr'><strong>frigiditate</strong></span> <span class='ocrx_word' id='word_1_328' title='bbox 652 3887 787 3922; x_wconf 83' lang='lat' dir='ltr'><strong>venenum</strong></span> <span class='ocrx_word' id='word_1_329' title='bbox 809 3869 843 3924; x_wconf 89' lang='lat' dir='ltr'><strong>ad</strong></span> <span class='ocrx_word' id='word_1_330' title='bbox 862 3889 908 3926; x_wconf 90' lang='lat' dir='ltr'><strong>oor</strong></span> <span class='ocrx_word' id='word_1_331' title='bbox 951 3870 1002 3924; x_wconf 89' lang='lat' dir='ltr'><strong>lori</strong></span> <span class='ocrx_word' id='word_1_332' title='bbox 1025 3871 1128 3924; x_wconf 91' lang='lat' dir='ltr'><strong>Nomen</strong></span> <span class='ocrx_word' id='word_1_333' title='bbox 1147 3870 1227 3924; x_wconf 83' lang='lat' dir='ltr'><strong>babet</strong></span> <span class='ocrx_word' id='word_1_334' title='bbox 1245 3870 1323 3928; x_wconf 66' lang='lat' dir='ltr'><strong>variis</strong></span> <span class='ocrx_word' id='word_1_335' title='bbox 1345 3871 1461 3925; x_wconf 85' lang='lat' dir='ltr'><strong>stellatus</strong></span> 
     </span>
     <span class='ocr_line' id='line_1_38' title="bbox 397 3943 1461 4022; baseline 0.006 -25"><span class='ocrx_word' id='word_1_336' title='bbox 397 3943 550 3998; x_wconf 85' lang='lat' dir='ltr'><strong>reflectitur.</strong></span> <span class='ocrx_word' id='word_1_337' title='bbox 564 3946 679 4000; x_wconf 71' lang='lat' dir='ltr'><strong>»tiam</strong></span> <span class='ocrx_word' id='word_1_338' title='bbox 911 3975 914 3980; x_wconf 95' lang='lat'>·</span> <span class='ocrx_word' id='word_1_339' title='bbox 951 3967 1060 4022; x_wconf 83' lang='lat' dir='ltr'><strong>corpora</strong></span> <span class='ocrx_word' id='word_1_340' title='bbox 1074 3950 1180 4022; x_wconf 70' lang='lat' dir='ltr'><strong>guttis·</strong></span> <span class='ocrx_word' id='word_1_341' title='bbox 1195 3950 1288 4002; x_wconf 86' lang='lat' dir='ltr'><strong>Noster</strong></span> <span class='ocrx_word' id='word_1_342' title='bbox 1300 3949 1347 4002; x_wconf 90' lang='lat' dir='ltr'><strong>lib.</strong></span> <span class='ocrx_word' id='word_1_343' title='bbox 1361 3950 1461 4013; x_wconf 82' lang='lat' dir='ltr'><strong>XXIX,</strong></span> 
     </span>
     <span class='ocr_line' id='line_1_39' title="bbox 434 4025 1461 4100; baseline 0.004 -23"><span class='ocrx_word' id='word_1_344' title='bbox 434 4025 478 4078; x_wconf 74' lang='lat' dir='ltr'><strong>ad.</strong></span> <span class='ocrx_word' id='word_1_345' title='bbox 496 4031 569 4078; x_wconf 78' lang='lat' dir='ltr'><strong>Porus</strong></span> <span class='ocrx_word' id='word_1_346' title='bbox 591 4029 617 4079; x_wconf 79' lang='lat' dir='ltr'><strong>ir</strong></span> <span class='ocrx_word' id='word_1_347' title='bbox 643 4029 710 4079; x_wconf 70' lang='lat' dir='ltr'><strong>aare.</strong></span> <span class='ocrx_word' id='word_1_348' title='bbox 731 4028 791 4081; x_wconf 87' lang='lat' dir='ltr'><strong>Hoc</strong></span> <span class='ocrx_word' id='word_1_349' title='bbox 811 4028 906 4083; x_wconf 89' lang='lat' dir='ltr'><strong>iterum</strong></span> <span class='ocrx_word' id='word_1_350' title='bbox 951 4048 1010 4100; x_wconf 83' lang='lat' dir='ltr'><strong>cap.</strong></span> <span class='ocrx_word' id='word_1_351' title='bbox 1043 4036 1072 4093; x_wconf 71' lang='grc'><strong>4,</strong></span> <span class='ocrx_word' id='word_1_352' title='bbox 1095 4027 1239 4082; x_wconf 86' lang='lat' dir='ltr'><strong>stellionem</strong></span> <span class='ocrx_word' id='word_1_353' title='bbox 1264 4047 1279 4080; x_wconf 87' lang='lat' dir='ltr'><strong>a</strong></span> <span class='ocrx_word' id='word_1_354' title='bbox 1302 4028 1403 4084; x_wconf 81' lang='lat' dir='ltr'><strong>Graecis</strong></span> <span class='ocrx_word' id='word_1_355' title='bbox 1426 4029 1461 4082; x_wconf 88' lang='lat' dir='ltr'><strong>ait</strong></span> 
     </span>
     <span class='ocr_line' id='line_1_40' title="bbox 396 4105 1460 4181; baseline 0.004 -25"><span class='ocrx_word' id='word_1_356' title='bbox 396 4105 492 4175; x_wconf 90' lang='lat' dir='ltr'><strong>repetit</strong></span> <span class='ocrx_word' id='word_1_357' title='bbox 505 4105 551 4158; x_wconf 90' lang='lat' dir='ltr'><strong>lib.</strong></span> <span class='ocrx_word' id='word_1_358' title='bbox 565 4105 666 4170; x_wconf 84' lang='lat' dir='ltr'><strong>XXIX,</strong></span> <span class='ocrx_word' id='word_1_359' title='bbox 678 4123 735 4180; x_wconf 87' lang='lat' dir='ltr'><strong>cap.</strong></span> <span class='ocrx_word' id='word_1_360' title='bbox 749 4123 790 4174; x_wconf 84' lang='lat'><strong>²9·</strong></span> <span class='ocrx_word' id='word_1_361' title='bbox 803 4105 836 4160; x_wconf 88' lang='lat' dir='ltr'><strong>H.</strong></span> <span class='ocrx_word' id='word_1_362' title='bbox 952 4107 1052 4162; x_wconf 88' lang='lat' dir='ltr'><strong>dictum</strong></span> <span class='ocrx_word' id='word_1_363' title='bbox 1074 4108 1258 4172; x_wconf 85' lang='lat' dir='ltr'><strong>ascalaboten,</strong></span> <span class='ocrx_word' id='word_1_364' title='bbox 1277 4109 1412 4181; x_wconf 81' lang='lat' dir='ltr'><strong>galeoten,</strong></span> <span class='ocrx_word' id='word_1_365' title='bbox 1435 4121 1460 4162; x_wconf 89' lang='lat' dir='ltr'><strong>et</strong></span> 
     </span>
    </p>
   </div>
   <div class='ocr_carea' id='block_1_4' title="bbox 0 0 1604 5159">
    <p class='ocr_par' dir='ltr' id='par_1_4' title="bbox 0 0 1604 5159">
     <span class='ocr_line' id='line_1_41' title="bbox 0 0 1604 5159; baseline 0 0"><span class='ocrx_word' id='word_1_366' title='bbox 0 0 1604 5159; x_wconf 95' lang='lat' dir='ltr'><strong> </strong></span> 
     </span>
    </p>
   </div>
  </div>
 </body>
</html>
