3200 5159
331 463 335 480 ’
392 516 469 613 494
654 507 1035 586 cummium
1063 509 1195 585 msr

390 663 523 736 ventur,
535 647 620 718 sicut
630 646 883 743 quadrupedum
898 669 1005 717 aures.
1022 647 1155 736 Quibus
1169 635 1329 743 fmgilia³³
1345 653 1458 746 operi

390 770 519 843 menta,
541 756 581 824 iis
604 753 692 824 oculi
712 754 797 824 duri.
819 755 943 823 Omnia
962 753 1060 842 talia,
1080 768 1115 823 et
1133 755 1260 849 pisces,
1278 770 1314 825 et
1330 757 1459 827 insecta

389 888 458 932 non
476 846 635 931 babent³⁴
653 885 769 956 genas,
782 885 846 931 nec
862 862 1015 954 integunt
1029 859 1153 930 oculos.
1172 861 1339 932 Omnibus
1354 888 1461 934 ruem·

391 953 528 1039 brana³⁵
543 967 622 1037 vitri
641 968 742 1038 modo
760 965 963 1036 translucido
977 966 1179 1037 obtenditur.

276 1095 278 1099 ·
358 1105 369 1140 ι
442 1078 532 1145 LVI.
554 1073 754 1170 Palpebrae
745 1097 780 1141 m
799 1075 892 1168 genis
898 1072 1047 1142 ¹bomini
1066 1075 1242 1167 utrimque
1258 1065 1458 1147 Mulieribus

389 1183 488 1252 vero¹
509 1183 608 1251 etiarn
627 1180 756 1250 inlectae
768 1179 999 1310 quotidiano.
988 1183 1095 1248 Tanta
1108 1195 1159 1249 est
1171 1180 1300 1250 decoris
1318 1183 1459 1253 affecta·

390 1291 509 1375 tio‚ut
529 1289 723 1426 tinguantur
742 1284 832 1356 oculi
850 1270 1010 1380 quoque³.
1028 1285 1102 1356 Alia
1121 1286 1163 1355 de
1183 1310 1282 1356 causa
1302 1287 1370 1359 hoo
1388 1291 1458 1361 Na·

315 1399 317 1406 '
388 1411 464 1465 tura
484 1382 650 1492 dederat,
670 1418 732 1465 ceu
753 1391 878 1461 uallum
892 1392 1113 1488 quoddam
1081 1416 1190 1483 visus,
1211 1408 1245 1465 et
1265 1397 1459 1491 prominens

428 1577 476 1633 33.
506 1577 600 1650 Quibus
615 1576 732 1647 fragilla.
760 1575 902 1629 Crustarea
946 1573 995 1629 lla
1016 1575 1150 1648 utrimque
1174 1576 1278 1630 homiui
1300 1589 1379 1643 runt,
1405 1579 1459 1632 boe

388 1658 501 1725 scilicet,
512 1674 571 1730 qua
581 1669 668 1710 oruata
679 1655 767 1727 fragili
776 1655 902 1728 integun-
946 1667 1001 1720 ert,
1023 1673 1137 1726 superne
1157 1658 1257 1726 pariter
1278 1669 1306 1710 et
1332 1657 1457 1722 inferne,

388 1751 441 1792 tur.
455 1738 538 1792 Arist.
549 1739 601 1790 loo.
614 1736 658 1789 cit.
669 1734 702 1788 rel
714 1737 758 1807 pir
771 1734 819 1807 γὰρ
830 1742 903 1791 catu·
945 1753 1025 1807 supra
1044 1747 1071 1788 et
1087 1735 1172 1801 iuba,
1187 1737 1238 1790 dre
1253 1737 1296 1790 aul
1309 1737 1396 1796 airu,
1413 1739 1458 1792 iu·⁴

386 1814 496 1891 pidsppe
504 1819 590 1872 πάντα
598 1817 785 1888 σκληρὸφθιιλμᾶ
796 1817 855 1876 less.
866 1814 901 1868 ll.
945 1815 1005 1886 quit
1017 1814 1114 1868 Pbiloe.
1125 1816 1173 1868 lib.
1185 1817 1200 1868 1
1211 1817 1280 1870 Hist.
1290 1817 1382 1871 Anim.
1394 1836 1419 1871 c.
1427 1837 1457 1889 9,

427 1899 473 1963 34.
487 1899 545 1953 Nou
565 1897 658 1960 bebrua
679 1895 735 1948 Noa
753 1893 900 1966 palpebras
943 1913 1005 1966 pog.
1018 1897 1063 1946 6⁵.
1076 1895 1170 1949 llaan.

387 1977 519 2044 dicimus,
534 1979 643 2048 βλέφαρα
663 1974 760 2028 Greci.
785 1975 842 2028 Cur
859 1974 902 2027 bie
987 1992 1013 2028 a.
1025 1974 1266 2045 Palpebroeingem'r
1274 1977 1457 2030 dommimn'n·

387 2077 425 2112 ere
435 2057 538 2121 desint,
552 2073 657 2109 causum
672 2053 851 2126 Philosophus
863 2054 901 2108 ai
943 2073 997 2125 que.
1020 2054 1163 2107 Mulieribus
1183 2073 1242 2108 vm
1264 2061 1337 2108 etiem
1357 2060 1455 2125 insecta

388 2138 439 2192 fert
451 2138 503 2191 loc.
518 2137 562 2191 cit.
578 2135 668 2189 Hanu.
942 2132 1091 2207 quotidiano.
1105 2135 1144 2187 lta
1157 2133 1267 2205 quidem
1277 2135 1455 2191 librioumes

428 2217 476 2272 35.
487 2217 587 2268 Pisces..
590 2212 838 2284 wnonbubentgenus
846 2223 899 2266 ete.
942 2211 1088 2284 Atquid'
1068 2231 1089 2266 rr
1102 2213 1186 2285 legas,
1203 2215 1456 2270 mulieriburcon

387 2297 523 2368 Plerisque
536 2295 648 2367 pierium
659 2293 787 2364 palpebra
799 2310 899 2364 nequa·
943 2293 1022 2347 eriam
1034 2293 1137 2346 infectu
1148 2283 1326 2364 quotidiana
1337 2295 1349 2348 i
1361 2296 1454 2351 Ham

351 2393 352 2397 ’
386 2395 467 2450 quam
481 2375 598 2428 mobilia.
613 2371 780 2438 Quibusdam
793 2384 899 2425 tentum
942 2373 1275 2426 —Mulieriburuercetr‘mae
1284 2375 1397 2443 ufecroe,
1401 2389 1451 2430 etc.

385 2455 464 2549 pellis
471 2473 528 2527 prar
536 2449 615 2508 oculo
625 2449 799 2517 obtenditur,
811 2452 900 2506 nulloe
942 2449 1129 2545 Quotidiauam
1139 2453 1309 2508 infectionem
1319 2469 1393 2509 recte
1400 2455 1454 2508 Pria

385 2555 413 2589 ru
424 2554 498 2589 unus
506 2534 641 2606 replicata
651 2532 742 2598 Qur
715 2549 830 2603 piscium
839 2549 898 2585 osae
940 2532 1159 2587 niuavooateum
1171 2544 1303 2587 ornatum.
1314 2534 1384 2588 Nam
1396 2535 1453 2607 qui·

385 2616 485 2670 babent
496 2614 538 2668 his
553 2614 653 2686 angulis
667 2612 785 2684 singuli
777 2631 806 2666 ru
820 2610 898 2664 oculo
940 2606 991 2666 bus
1003 2611 1158 2666 mulieribus
1168 2611 1234 2667 illita
1248 2614 1313 2668 suco
1325 2616 1406 2668 semel
1414 2627 1453 2668 est

384 2697 506 2751 velamen
517 2693 663 2767 praelerunt
673 2693 797 2746 verticale
808 2703 835 2744 et
849 2691 899 2744 im·
941 2690 1036 2758 iacies,
1048 2691 1077 2744 id
1089 2693 1141 2744 niu
1133 2689 1274 2764 quotidie
1284 2695 1332 2747 liat
1338 2695 1453 2767 ,turpia-

383 2772 733 2846 momm‚quodpartrculam
740 2772 812 2824 oculs
819 2769 898 2823 dum
939 2771 1014 2824 simis
1024 2771 1096 2842 rugia
1112 2781 1139 2823 et
1152 2770 1242 2825 lurido
1257 2772 1349 2827 colore
1361 2773 1450 2828 statim

384 2867 459 2909 taxet
473 2853 569 2925 operit.
584 2853 685 2906 Piscem
705 2852 786 2902 huam
806 2851 899 2904 oculus
939 2850 993 2905 itt·
1005 2849 1151 2904 miserrime
1163 2850 1306 2906 ludantur.
1322 2855 1423 2908 Dauo.

383 2934 533 3005 distinguit,
546 2951 625 3006 quem
637 2931 721 3003 possit
733 2943 821 2984 totum
831 2946 900 3001 ope·
981 2929 1009 2984 3.
1018 2930 1054 2983 Ur
1061 2935 1204 3000 cingerum
1214 2934 1279 2984 oculi
1290 2952 1390 3004 puroque.
1400 2933 1451 2985 Ju·

383 3015 438 3066 rire
449 3012 580 3085 palpebra
592 3010 763 3066 orbiculatim
780 3011 897 3062 terebra·
939 3027 1001 3064 ven.
1014 3010 1182 3079 sar.11,93=
1195 3011 1451 3084 «llleaupueiliun

383 3093 642 3165 ta‚spbincterisque
650 3088 787 3161 cujusdam
797 3089 897 3142 auxilio
939 3087 1045 3142 madida
1063 3088 1174 3162 iuligine
1198 3091 1312 3144 tinctum
1336 3092 1452 3164 Obliqua

383 3192 438 3227 rese
467 3169 618 3226 occludens.
645 3170 770 3223 Dilatutio
794 3169 826 3223 fir
847 3187 897 3241 per
938 3169 1066 3242 producit
1077 3188 1158 3223 acu.»
1175 3169 1260 3224 Divus
1269 3171 1451 3243 Hieronymus

382 3253 501 3325 quinque
512 3248 896 3320 musculosradirtos‚quiiuuo
939 3248 1006 3301 orbes
1025 3261 1103 3303 vorat
1122 3250 1194 3302 stibio
1210 3251 1368 3321 fuliginatos.
1379 3250 1452 3304 Vide

382 3333 477 3386 orbito
490 3329 677 3386 adnectuntur.
691 3331 739 3383 Ar.
937 3326 1051 3401 Rhodig.
1067 3331 1122 3394 111,
1135 3348 1193 3402 cap.
1209 3331 1254 3383 28.
1269 3330 1372 3383 Dino.

423 3412 496 3464 LVI.
512 3430 536 3465 1.
548 3412 679 3481 Pospebroe
687 3413 712 3463 iu
719 3411 796 3481 genis.
808 3409 896 3462 Genu
980 3417 1005 3472 4.
1017 3411 1075 3462 Hoc
1082 3408 1181 3463 Natura
1191 3408 1298 3463 dederet.
1308 3411 1451 3480 Palpebras

381 3491 498 3565 appellat
508 3492 647 3545 oculorum
662 3501 827 3563 tegumenta,
837 3488 895 3560 pat-
936 3488 1081 3556 nimirum,
1103 3490 1174 3550 aive,
1191 3502 1222 3542 ut
1240 3507 1299 3543 moa
1319 3502 1359 3542 eet
1375 3507 1449 3543 nunc

382 3573 479 3644 pebrac
492 3572 610 3644 pilorum
623 3573 721 3625 vallum
731 3609 739 3634 ,
749 3569 894 3623 utTullinr
936 3568 1082 3641 loquendi,
1094 3569 1283 3642 palpebrarum
1298 3568 1376 3640 pilon
1384 3569 1450 3622 Tul·

381 3652 517 3724 loquitur,
530 3651 578 3705 lib.
595 3653 623 3704 11
636 3650 670 3705 de
689 3650 750 3704 Nat.
762 3651 845 3702 Deor.
862 3667 891 3720 p.
935 3649 989 3704 lius
998 3650 1131 3721 elegunter
1141 3649 1192 3702 loc.
1206 3650 1251 3704 cit.
1266 3649 1449 3720 «bluniuequc

387 3736 454 3796 roe,
471 3733 569 3804 quibus
591 3732 655 3803 ipse
673 3729 808 3802 palpebra
828 3738 892 3780 runt
936 3741 997 3782 runt
1016 3730 1151 3802 palpebra
1168 3741 1304 3800 tamquam
1319 3729 1390 3782 vallo
1404 3729 1448 3799 pi·

382 3812 502 3866 munite.
524 3811 686 3882 igiturque
707 3809 795 3862 Plinio
818 3825 892 3879 genu
934 3809 1022 3863 lorum
1038 3827 1045 3861 :
1063 3810 1161 3880 quibus
1179 3823 1206 3861 et
1226 3809 1324 3878 apertis
1345 3808 1447 3874 oculis,

381 3892 516 3952 dicuntur,
526 3891 567 3944 ba
573 3891 664 3944 Tullio
671 3887 892 3962 palpebraequaa
934 3885 1034 3960 siquid
1049 3887 1197 3953 incideret,
1212 3888 1404 3957 repelleretur:
1421 3899 1448 3941 et

381 3973 427 4026 ille
439 3972 589 4045 palpebrae,
604 3965 754 4041 βλιφαρίδας
765 3968 822 4028 alii,
838 3969 891 4021 hoc
934 3987 1027 4022 somno
1037 3969 1255 4033 conniventibus,
1264 3984 1348 4039 quum
1361 3967 1447 4021 oculia

381 4065 434 4117 eat,
444 4055 529 4122 τρίχας
541 4053 676 4120 ὶσχάτιιις,
690 4049 758 4122 pilos
772 4048 819 4120 qui
832 4048 891 4120 pal·
934 4047 968 4102 ud
981 4047 1144 4102 ceruendum
1158 4067 1213 4101 non
1226 4065 1380 4117 egeremus,
1393 4047 1447 4098 uti·

381 4139 523 4210 pebrarum
542 4151 601 4186 orar
622 4131 763 4194 ambiunt,
784 4142 889 4186 vorant.
934 4127 1443 4202 quetemquamiuvolutiquiescerent.-
