3200 5159
376 501 452 587 480
644 502 683 572 C.
711 496 884 571 PLINII
910 500 1021 572 MT.
1047 489 1180 573 HIST}

375 632 472 705 rum²
488 634 698 729 cognomina.
711 632 785 704 Neo
799 635 835 702 in
850 632 914 703 alia
929 648 1025 729 parte
1039 635 1171 706 feminis
1188 635 1298 730 majus
1314 636 1450 732 impert-¹

376 741 488 822 diurn,
512 742 699 837 margaritis
721 739 996 838 dependentibus.
1022 744 1063 811 ln
1085 728 1240 812 Oriente³
1258 741 1397 837 quidem
1416 758 1450 814 et

376 850 472 936 viris,
493 864 611 917 aurum
633 862 762 944 gestare
784 873 826 917 eo
844 846 924 935 loci,
948 846 1049 918 decus
1073 850 1290 919 existimatur.
1312 850 1448 919 Anima·

377 952 458 1025 lium
476 954 546 1025 aliis
565 955 725 1049 majores,
744 953 817 1025 aliis
832 955 989 1023 minores.
1012 956 1129 1025 Cervis
1147 941 1301 1026 tantum⁴
1320 957 1448 1041 scissa,-

377 1086 417 1131 ao
431 1059 522 1131 velut
534 1062 648 1132 divisae
664 1090 672 1133 :
689 1062 787 1133 sorici
800 1059 923 1156 pilosae.
942 1059 1008 1130 Sed
1021 1047 1195 1132 auriculae⁵
1211 1061 1370 1131 omnihus
1379 1064 1448 1130 ani·

377 1166 443 1237 mal
462 1167 636 1238 dumtaxat
657 1166 914 1263 generantibus,
934 1182 1074 1263 excepto
1093 1153 1217 1237 vitulo⁶
1234 1169 1385 1256 marino,
1399 1183 1448 1237 at·

377 1300 442 1369 que
453 1273 612 1369 delphino
624 1328 634 1363 ,
648 1289 682 1344 et
694 1300 767 1371 quae
774 1272 1263 1370 cartilagineaappettavimus⁷,
1272 1289 1308 1343 et
1316 1275 1446 1369 viperio

343 1411 359 1444 2
379 1384 458 1451 Haec
472 1404 632 1451 cavernas
647 1395 777 1450 tanturn
789 1366 931 1450 habent⁸
941 1382 1069 1451 aurium
1080 1378 1171 1469 loeo,
1185 1395 1308 1476 praeter
1320 1380 1447 1450 cartila-

377 1490 490 1583 ginea,
510 1502 545 1556 et
557 1486 773 1583 delphinum,
792 1509 890 1583 quem
905 1500 1018 1556 tamen
1029 1487 1145 1557 audire
1161 1487 1376 1557 manifestum
1388 1503 1446 1558 est.

377 1593 464 1663 Nam
481 1609 517 1664 et
527 1609 629 1665 cantu
640 1593 849 1679 mulcentur,
863 1604 898 1662 et
906 1594 1085 1689 capiuntur
1098 1595 1231 1665 attoniti
1245 1619 1339 1664 sono.
1358 1595 1447 1683 Qua·

376 1778 459 1831 etiam
467 1776 620 1833 adoleeoena
628 1776 762 1851 visns,qul
771 1785 797 1831 et
805 1794 892 1842 aurea,
935 1778 1026 1849 genesi
1038 1778 1175 1833 universo:
1187 1773 1234 1832 sed
1242 1777 1351 1831 inhalas
1360 1781 1450 1832 monte

377 1870 403 1911 et
412 1859 505 1930 capitis
519 1870 608 1912 cutem
629 1870 753 1929 prompte
763 1870 891 1911 moveret.
935 1856 1083 1922 dumtaxat,
1090 1858 1243 1931 Elaphnnte
1257 1855 1390 1920 dioto,ad
1399 1859 1448 1911 Ar·

377 1938 521 1991 Daum-
531 1944 612 1990 Aures
622 1939 721 1991 Ιιοηιίηἰ.
735 1937 815 1990 Arist.
825 1936 892 1989 llist.
935 1938 1134 2008 ginmnmmhi
1143 1936 1214 1991 diem
1220 1936 1447 1991 Alcibiadesohiit.

261 2008 267 2017 ’
376 2016 493 2071 Animal.
512 2016 559 2071 lib.
578 2014 610 2079 Ι,
631 2035 689 2089 cap.
705 2035 736 2087 9,
753 2035 815 2088 pag.
829 2024 889 2087 74:
935 2016 1448 2089 cerveibiomnuttsusunraureqm

377 2100 459 2153 Μόνον
473 2100 598 2171 ἄνθρωπος
611 2094 649 2159 οὖς
659 2100 762 2151 οὺκινιῖ.
780 2097 813 2148 ln
831 2094 892 2167 qui·
935 2094 1449 2167 nota,quumtocsmnunt,dignoscun

376 2176 491 2230 busdam
506 2189 595 2230 tamen
611 2174 764 2228 hominibus
779 2175 844 2227 visa
855 2193 890 2228 te·
936 2186 988 2227 tur.
996 2173 1074 2227 Arist.
1084 2174 1151 2229 trin.
1161 2173 1251 2228 anim.
1264 2173 1313 2228 tin.
1323 2175 1379 2236 VI,
1391 2192 1448 2248 capa

376 2269 430 2310 tate
442 2268 532 2310 nostra
545 2275 595 2328 pro
608 2254 718 2308 arbitrio
726 2254 845 2308 mobiles.
857 2254 893 2307 sss
936 2272 1053 2337 ²921*ss-
1063 2272 1123 2324 77¹·
1133 2254 1224 2307 lissu-

377 2336 501 2392 suavidit
511 2334 682 2407 Augustinus,
699 2332 733 2387 de
744 2331 824 2389 Civit.
841 2334 892 2387 Dei
972 2332 999 2386 5.
1013 2337 1064 2384 sed
1077 2334 1204 2385 adcola.
1219 2331 1285 2384 llaec
1294 2328 1376 2385 A'rist.
1387 2332 1448 2385 toti-¹

376 2418 423 2471 lib.
433 2417 507 2480 XIV,
517 2434 575 2487 cap.
591 2411 641 2479 sd,
656 2414 703 2486 qui
713 2432 789 2467 aures
798 2431 892 2467 move·
935 2410 997 2465 dem
1009 2403 1097 2465 verbis
1106 2450 1115 2479 ,
1123 2410 1221 2464 Histoe.
1232 2410 1348 2465 Animal
1364 2410 1410 2463 lib⁴
1420 2407 1449 2476 Ι,

376 2510 452 2561 rent,
463 2496 505 2551 sel
515 2493 641 2565 singulas,
651 2492 694 2546 vel
703 2488 795 2546 ambas
804 2492 893 2546 simul.
911 2528 914 2536 ·
935 2510 994 2563 cap.
1005 2508 1032 2560 9,
1040 2509 1102 2564 pag.
1114 2492 1160 2561 74.
1169 2490 1262 2543 Haeo.
1276 2521 1313 2531 -
1326 2493 1449 2543 Andusia

377 2576 455 2630 Vidit
472 2588 499 2630 et
507 2571 627 2627 Andreas
636 2571 774 2635 venalius,
789 2571 848 2645 ipso
856 2571 893 2627 ita
934 2574 1283 2640 omnibus...generaasitus„.
1293 2573 1449 2639 secedam

375 2656 518 2725 prodente,
530 2652 565 2707 de
577 2652 657 2709 Falar.¹
673 2670 747 2723 corp.
757 2644 834 2704 hum.
846 2651 892 2707 hh.
934 2654 1050 2721 vesa'gs'a.
1058 2652 1160 2704 Iterum
1168 2670 1185 2705 a
1194 2670 1259 2704 vero
1268 2650 1370 2704 reoedit
1379 2652 1400 2704 ai
1407 2671 1450 2705 or·

377 2724 890 2803 11,0.13,etandms1.·urent.ttm.
935 2749 1033 2803 ganum
1050 2729 1201 2783 auditivum
1218 2728 1366 2801 intelligas,
1388 2748 1450 2784 nana

377 2815 467 2869 anim.
478 2810 528 2865 lib.
538 2810 592 2863 ΧΠ
600 2848 608 2874 ,
616 2828 675 2883 cap.
688 2828 730 2863 rs.
741 2810 816 2863 Visae
825 2822 852 2862 et
862 2810 892 2863 in
935 2809 1050 2882 oviparis
1059 2828 1168 2883 quoqne
1177 2809 1323 2875 auricula,
1333 2810 1383 2863 etsi
1391 2820 1452 2883 para

376 2896 528 2949 Professore
538 2888 671 2962 quodam,
683 2888 800 2942 Crassoti
809 2890 894 2942 nomi·
935 2889 1010 2945 deest
1018 2890 1206 2957 exteriormee,
1214 2890 1280 2943 utin
1287 2888 1452 2943 humanitate

376 2994 423 3038 ne,
433 2970 549 3033 Parisiis,
556 2982 585 3022 ut
593 2966 702 3041 quidem
711 2968 793 3022 refert
803 2968 892 3024 Abhm
934 2970 1051 3031 fimum
1060 2969 1113 3022 oris
1122 2981 1196 3040 perte
1213 2969 1317 3041 postica
1331 2978 1451 3023 oommu·

378 3074 417 3108 ns
432 3054 583 3106 Mssoasss
593 3048 621 3099 in
630 3046 843 3103 Commentariis.
858 3048 892 3101 Η.
935 3047 1127 3104 nicatioest.ln
1136 3043 1449 3121 piaeeuilmisipermdr.

377 3131 554 3203 -Dispntato
569 3144 737 3199 nequaquam
750 3138 819 3197 opus
828 3126 894 3200 :hy-
970 3132 996 3183 6.
1005 3134 1115 3198 Excepto
1128 3133 1217 3181 vitulo.
1232 3130 1289 3183 Nec
1298 3128 1386 3183 vitulo
1395 3146 1449 3181 ma-

379 3211 490 3286 perbole
501 3209 528 3260 in
544 3206 669 3278 Stagirita
683 3206 744 3260 tuis.
760 3204 832 3259 Nam
845 3225 892 3278 pa·
934 3208 1009 3271 rino,
1022 3227 1073 3263 neo
1087 3207 1219 3285 delphino
1234 3208 1450 3263 auriculasnnt:

378 3310 439 3345 rum
446 3287 555 3363 quidem
565 3285 675 3339 mobiles
682 3303 759 3339 aures
768 3300 776 3348 ς
786 3284 834 3339 sed
842 3284 893 3339 ins·
935 3288 1019 3343 vitulo
1027 3288 1085 3341 sine
1093 3287 1365 3355 auriculis,oaverne
1374 3299 1452 3353 sont,

378 3368 504 3431 mobiles,
518 3366 636 3419 minime.
650 3367 694 3418 tr.
935 3385 1016 3441 quem
1024 3368 1097 3437 πόρον
1106 3366 1268 3433 vocant,hoc
1277 3378 1328 3431 est,
1336 3378 1451 3420 meatum

416 3470 439 3503 s.
450 3453 600 3501 Flaccorum.
618 3442 708 3497 Flacci
726 3442 892 3515 nuncupati,
936 3445 971 3501 ad
979 3443 1161 3499 audiendum:
1178 3444 1310 3518 delphino
1323 3465 1358 3499 ns
1372 3446 1394 3499 ia
1406 3448 1451 3499 πό-

379 3530 477 3603 quihus
487 3543 564 3580 aures
573 3522 698 3589 flaccidas,
707 3522 893 3595 pendulaque.
937 3546 975 3597 po<
983 3524 1105 3598 quidem,
1121 3526 1224 3579 tametsi
1241 3524 1328 3579 audit.
1344 3525 1450 3579 Ariston

379 3612 533 3681 cognomen
542 3602 570 3656 id
580 3622 634 3655 non
641 3601 720 3655 unius
727 3602 813 3673 gentis
821 3600 893 3673 apud
936 3606 987 3659 loc.
996 3604 1075 3658 citet
1084 3598 1185 3658 Histoe.
1195 3601 1265 3658 libro
1275 3602 1304 3658 11
1314 3644 1323 3671 ,
1332 3624 1390 3678 cap
1402 3612 1451 3670 rt,

377 3692 513 3743 Romanos
522 3683 591 3737 fuit:
605 3682 748 3743 Corneliae,
764 3679 893 3747 Horatiae,
936 3704 996 3759 pag.
1008 3682 1170 3746 sotllssn.

378 3760 894 3839 Pompeiae,Rutiliae‚Valeriae,Ver1-iae.
972 3782 998 3835 7.
1008 3763 1197 3829 Appellamus.
1211 3762 1298 3816 Libro
1315 3760 1374 3827 lx,
1392 3764 1452 3834 o'ap.

415 3849 440 3902 3.
450 3854 480 3900 In
493 3847 590 3898 Oriente
606 3846 703 3911 quidem
717 3855 741 3892 ee
752 3842 813 3892 uiris
820 3878 829 3901 ‚
841 3851 891 3893 etc.
939 3852 980 3910 6⁰·
990 3843 1081 3895 lisan.

379 3926 515 3981 luvenalis
527 3922 605 3977 Satir.
618 3923 649 3988 1,
663 3928 711 3985 sot
724 3922 849 3975 :·Natus
859 3919 894 3973 ad
975 3924 999 3977 8.
1017 3926 1078 3973 Haee
1095 3940 1214 3975 navemus
1234 3936 1330 3973 mamm
1353 3922 1452 3974 tubeae.

379 4007 563 4079 Euphratem,
578 4002 672 4057 molles
693 3998 769 4072 quod
787 4000 895 4055 inaure
939 4000 1063 4074 Delphini
1080 4018 1143 4055 vere
1160 4005 1279 4054 foramen
1304 3999 1451 4054 anditimsn

380 4086 500 4139 fenestre
509 4081 679 4154 Arguerint·
691 4080 759 4133 Dar..
939 4080 1183 4146 externum,imsno
1192 4092 1219 4132 et
1228 4092 1390 4152 tympanum
1398 4096 1452 4149 quo

417 4170 442 4227 4.
455 4166 536 4217 cervis
552 4176 656 4215 rantum.
672 4160 765 4231 Neque
782 4177 847 4213 vero
866 4158 894 4214 id
938 4159 1111 4214 ossiculorum
1120 4158 1201 4214 series
1209 4159 1372 4217 morineias.
1382 4158 1426 4211 es.
