3200 5159
381 509 449 584 252
650 514 689 582 c.
714 497 880 582 rnsnu
905 511 1012 582 nur.
1036 512 1167 582 iuss.

379 671 399 715 a
416 643 505 740 vigili
519 644 658 714 statione
672 641 715 712 nd
728 643 799 714 haec
817 644 958 738 aucupia
975 643 1119 714 dimissis
1131 643 1327 714 cohortibus
1344 647 1440 733 totis;

379 775 484 846 eoque
499 749 621 821 deliciae
634 774 840 845 processere,
854 765 893 818 ut
908 751 979 819 sine
997 750 1062 820 hoc
1083 752 1302 821 instrumento
1319 750 1440 821 durare

259 909 261 918 .
376 857 444 950 jam
465 881 508 925 ne
527 858 676 926 virorum
697 855 831 951 quidem
853 857 998 926 cervices
1017 858 1155 951 possint.

344 994 355 1028 1
429 964 591 1033 XXVIII.
611 959 710 1031 Aliud
725 960 862 1057 reperit¹
884 963 985 1056 Syriae
1004 987 1101 1056 pars,
1123 985 1197 1057 quse
1214 964 1441 1057 Commagene

376 1083 517 1138 vocatur.
533 1095 541 1136 ε
556 1067 688 1162 adipem
701 1094 816 1138 eorum
834 1069 869 1135 in
889 1091 968 1137 vase
982 1093 1073 1138 aereo
1096 1092 1173 1138 cum
1193 1069 1347 1137 cinnamo
1364 1069 1440 1137 nive

377 1173 482 1243 multa
503 1175 683 1258 obrutum,
713 1198 752 1245 sc
772 1176 882 1270 rigore
907 1173 1015 1268 gelido
1037 1189 1260 1256 maceratum,
1280 1173 1322 1242 ad
1342 1172 1441 1243 usuris

378 1277 526 1374 praeclari
562 1279 811 1366 medicaminis,
843 1279 933 1374 quod
957 1281 999 1349 ab
1020 1295 1118 1375 gente
1140 1280 1261 1350 dicitur
1279 1283 1440 1350 Comma·

378 1385 539 1480 genum².

346 1527 358 1564 1
431 1493 559 1561 XXIX.
577 1490 728 1560 Amerini
747 1494 876 1586 generis
893 1507 972 1561 sunt
992 1490 1250 1586 chenalopeces¹
1274 1515 1282 1560 t
1305 1507 1340 1560 et
1363 1495 1441 1586 qui·

377 1597 439 1668 bus
458 1596 614 1667 lautiores
634 1593 748 1692 epulas
769 1622 838 1666 non
862 1599 956 1667 novit
988 1599 1180 1683 Britannia,
1205 1596 1441 1683 chenerotes²,

416 1745 546 1798 XXVIII.
556 1765 580 1798 r.
590 1744 671 1798 Aliud
677 1746 772 1813 reperit.
783 1744 824 1797 De
833 1743 889 1797 hoc
931 1757 958 1796 et
969 1744 1154 1815 generationis.
1167 1743 1224 1798 Nec
1237 1761 1299 1796 raro
1311 1744 1340 1796 in
1352 1744 1443 1797 hiero·

378 1821 475 1878 dicturi
495 1841 586 1876 sumus
600 1822 793 1896 opportuniore
809 1823 888 1888 Ioco,
931 1823 1037 1896 glyphis
1051 1822 1235 1894 adspectatur,
1259 1836 1291 1876 ut
1314 1835 1390 1894 potes
1410 1843 1443 1877 cx

377 1903 424 1956 lib.
438 1904 545 1964 XXIX,
561 1919 618 1974 cap.
636 1902 681 1957 13.
693 1902 782 1955 Hono.
930 1921 1027 1975 msgnn
1039 1902 1165 1973 descript.
1176 1907 1285 1974 Egypt.
1294 1901 1443 1974 pervidere,

419 1981 682 2053 nCommagenumIn
688 1981 765 2034 MSS.
776 1982 887 2035 Comiss-
930 1983 1005 2036 omni
1015 1983 1118 2056 pagina.
1131 1983 1229 2053 Vulpis
1238 1994 1326 2036 entem
1343 2001 1443 2036 nomeu

378 2081 445 2133 gum·
460 2061 551 2115 Hsnn.
930 2063 1094 2117 obastutism
1106 2063 1329 2134 etmslignitstem
1340 2061 1442 2116 hahuit.

302 2185 308 2200 .
418 2141 520 2194 XXIX.
551 2161 577 2196 r.
604 2140 784 2211 Cloenolopsces.
813 2141 890 2206 Quos
930 2139 1017 2207 Nam,
1031 2155 1062 2196 ut
1073 2141 1162 2196 minor
1171 2141 1374 2211 nuoerevulgsri
1386 2154 1442 2208 est,

377 2220 459 2275 latine
468 2221 636 2293 vulpnnseres
648 2219 730 2290 possis
745 2221 887 2290 appellare.
929 2220 1099 2276 sicsdsessus
1113 2221 1444 2292 felemnquiismctcnte-

378 2298 548 2371 Quodgenus
556 2299 585 2353 id
593 2299 732 2364 sviumsit,
740 2298 889 2371 disceptant
929 2297 1442 2373 mserasoptimepugneuVidAEIisn.

372 2380 443 2433 inter
462 2399 489 2434 se
505 2379 653 2452 scriptores.
667 2379 819 2444 Bellonius,
837 2379 887 2432 lib.
928 2378 976 2433 lib.
992 2381 1028 2447 V,
1042 2399 1100 2453 cap.
1118 2380 1162 2434 30.
1176 2380 1275 2434 Omnis
1285 2379 1342 2432 hoc
1355 2380 1382 2431 in
1393 2398 1442 2432 nn·

371 2460 437 2524 III,
451 2478 508 2530 cap.
523 2459 559 2523 ⁵,
576 2462 624 2512 cies
642 2470 887 2512 nonnettesnutcrs·
929 2477 986 2512 sere
1008 2471 1110 2515 umato
1132 2461 1175 2512 rel
1197 2457 1373 2532 AEgyptisco,
1396 2459 1444 2530 qui

375 2540 543 2594 vantsvocari
560 2535 672 2593 nGsllis
685 2552 769 2612 putat.
788 2537 885 2593 dldro·
929 2539 1043 2592 Iornssm
1063 2540 1142 2592 etiam
1167 2540 1249 2594 hebet
1268 2557 1285 2592 a
1307 2538 1443 2609 hierogly-

373 2617 492 2672 vundnm
508 2617 729 2686 vide,0rnithoI.
745 2618 886 2683 lium,
929 2617 1015 2688 phicis
1046 2619 1202 2673 exhibitam.
1232 2621 1264 2672 ln
1300 2617 1444 2688 phonetica

373 2697 887 2771 cop.s9‚pag.159.Hesychins,pag.
928 2697 1060 2768 scripturn
1077 2698 1207 2769 significet
1224 2697 1254 2751 S.
1276 2695 1329 2749 Adi
1348 2702 1442 2752 enu-

345 2819 350 2830 .
374 2795 429 2846 971
449 2779 620 2845 εχηνίλοπις,
633 2779 886 2848 ὅρνιαποιοὶ·ὅσπιρ
929 2796 1066 2842 sorssors,
1085 2779 1169 2830 Pre'cis
1182 2777 1217 2830 du
1236 2781 1336 2850 system
1351 2777 1442 2847 iss'e'mg.

373 2857 429 2910 Issos
441 2860 624 2926 χηναλώπικις.
638 2858 672 2910 Η.
681 2889 720 2898 -
733 2858 794 2910 Non
809 2857 885 2910 bene.
928 2875 990 2928 pag.
1004 2857 1051 2911 31.
1061 2857 1182 2912 Curru.

374 2934 506 2990 Ceterum
515 2955 547 2990 en
553 2949 644 3008 etymo
653 2934 799 2990 credideris
810 2937 887 2990 facilc
971 2955 997 2991 a.
1009 2937 1160 2990 commea.
1170 2939 1322 3008 xmiporse.
1334 2935 1413 2989 Forte
1422 2936 1444 2988 ii

374 3011 409 3068 de
422 3033 514 3068 ansere
529 3016 572 3087 egi
584 3017 633 3088 qui
648 3017 698 3070 sub
710 3016 793 3068 humo
810 3016 886 3069 cuni·
928 3028 990 3070 sunt
1000 3023 1071 3084 χῆνας
1081 3016 1177 3088 μικροὶ,
1191 3016 1267 3088 parvi
1278 3035 1398 3080 anseres,
1409 3014 1443 3068 de

374 3093 448 3148 culos
454 3093 666 3166 effodint,quslis
678 3095 846 3148 meadoma
853 3097 885 3148 1..
929 3096 1024 3168 quibus
1032 3097 1111 3150 Arist.
1122 3096 1193 3150 IIist.
1202 3093 1294 3148 Anien.
1305 3095 1353 3148 lib.
1365 3095 1443 3160 VIII,

375 3173 453 3226 uobis
464 3174 570 3227 sudores.
582 3173 741 3228 Crediderat
749 3176 886 3241 Turnus,
928 3192 988 3244 cap.
1006 3181 1055 3240 15,
1070 3193 1130 3246 pag.
1145 3193 1202 3245 9¹9
1213 3213 1221 3238 ,
1232 3193 1301 3245 quos
1311 3188 1338 3228 et
1351 3190 1442 3228 sosres

375 3254 811 3325 sequebaturqneprssternostrum
818 3256 888 3307 Bor·
929 3272 985 3308 esse
1000 3256 1028 3308 in
1040 3256 1123 3320 cibis,
1141 3266 1168 3306 et
1183 3255 1217 3307 nb
1230 3253 1357 3307 Adriatici
1371 3253 1444 3306 sinus

376 3349 429 3384 ror
443 3333 645 3386 Neotericorum
658 3351 729 3411 grex.
748 3331 803 3387 Sed
812 3353 886 3388 nunc
930 3332 1235 3404 accolisPsdsnisapud
1245 3351 1313 3405 qnos
1320 3333 1446 3404 frequens

376 3412 404 3464 in
416 3411 555 3483 perspicuo
564 3426 602 3466 est
611 3412 815 3485 chenalopecern
830 3431 887 3466 esse
930 3425 970 3468 est
983 3414 1081 3468 horum
1096 3413 1190 3485 copis,
1207 3431 1320 3484 pnvnros
1331 3414 1442 3477 vocari,

376 3509 481 3542 emerem
495 3502 612 3544 menstrua
629 3491 739 3564 AEmtt·
755 3492 818 3546 Gur.
836 3491 887 3547 Hic
927 3505 1023 3546 auctor
1037 3506 1077 3548 est
1091 3493 1210 3564 Scaliger
1223 3494 1252 3546 in
1271 3510 1332 3545 eum
1344 3492 1442 3547 Iocum.

376 3586 474 3640 nempe
484 3581 550 3623 teste
563 3569 692 3624 Herodot.
706 3572 753 3626 lib.
767 3574 809 3635 11,
827 3591 886 3643 cup.
929 3573 966 3626 H.
974 3601 1014 3617 -·
1026 3573 1120 3643 Quibus
1132 3567 1242 3626 msere...
1252 3575 1362 3624 misam
1376 3572 1446 3626 Che·

379 3667 432 3720 72,
449 3646 587 3715 adoratum
606 3663 887 3722 stparentumamore
928 3665 1049 3716 nerotes,
1065 3671 1097 3707 ex
1108 3669 1233 3706 anserum
1243 3662 1356 3722 genere,
1376 3669 1446 3704 usn·
1541 3668 1544 3674 ·

377 3745 438 3799 erge
455 3728 545 3799 pullos
563 3719 670 3797 (AElinn.
687 3731 733 3784 lib.
746 3732 785 3795 X,
798 3749 823 3785 c.
840 3727 888 3795 ιδ)
930 3749 987 3785 serc
1002 3732 1106 3802 vulgari
1121 3731 1212 3784 minor
1226 3743 1308 3802 atque
1323 3730 1446 3786 omnium

377 3807 485 3878 insignis
492 3844 501 3869 ,
517 3807 616 3880 quippe
628 3811 675 3881 qui
702 3807 754 3870 (id.
766 3811 814 3866 lib.
828 3811 868 3862 lx
878 3847 887 3875 ,
929 3829 996 3882 qnos
1005 3811 1082 3864 norit
1092 3811 1228 3864 Britannis
1238 3810 1380 3882 epularum
1390 3809 1447 3863 Inu-

377 3883 491 3957 mp.3s)
503 3887 531 3939 in
544 3888 692 3958 periculum
701 3907 755 3942 sese
763 3888 885 3952 adducit,
930 3890 1028 3944 tissima
1040 3915 1052 3937 ι
1062 3891 1107 3944 vin
1118 3903 1206 3960 potest
1222 3891 1289 3944 eiius
1299 3905 1445 3960 essequam

354 4007 357 4012 .
378 3977 409 4018 ut
419 3966 467 4020 hos
479 3966 626 4020 incolumes
636 3968 886 4038 prestet.Quocircs
930 3989 991 4021 anos
1019 3970 1130 4041 clypeata
1155 3969 1236 4022 Linn.
1256 3970 1332 4039 vulg.
1350 3969 1446 4020 couches

377 4045 406 4098 in
420 4049 536 4118 AEgypto
546 4047 697 4120 symbolum
709 4047 760 4101 init
772 4047 887 4101 caritatis
930 4049 1070 4112 (Bornos,
1088 4049 1141 4102 eni.
1156 4067 1228 4118 971,
1245 4047 1325 4118 972),
1342 4046 1377 4100 de
1391 4066 1446 4118 qun

377 4137 476 4180 mutua
491 4139 633 4198 parentum
651 4145 682 4179 ac
698 4125 809 4192 sobolis,
827 4140 885 4180 turn
930 4127 980 4180 iste
989 4119 1068 4196 (Hirr.
1077 4129 1167 4182 Naro.
1174 4128 1216 4180 des
1225 4129 1348 4191 omaus.
1358 4139 1378 4180 t.
1389 4128 1447 4190 lx,
