3200 5159
409 551 456 596 uo
673 526 711 592 C.
740 524 917 594 PLINII
945 522 1057 592 ΝΑΤ.
1087 526 1216 595 HIST.

405 658 520 730 raculo
542 658 615 727 fuit.
633 659 766 751 lnjuriae
788 672 992 753 potestatum
1014 659 1049 726 iu
1068 647 1289 755 hospitales⁸‚
1311 662 1354 731 ad
1374 665 1483 733 visen·

405 768 485 837 dum
499 766 719 849 venientium,
734 766 966 861 Hipponenses
975 767 1008 834 iu
1023 790 1138 835 necem
1154 767 1224 861 ejus
1233 768 1480 864 compulerunt.

372 888 386 941 5
458 878 546 943 Ante
556 874 628 943 baec
639 871 765 941 'similia
776 873 820 942 de
832 898 939 968 puero
954 873 989 941 iu
1005 872 1113 943 Iasso⁹
1131 875 1216 943 urbe
1236 892 1480 967 memorantur,

405 983 499 1076 cujus
521 1005 634 1050 amore
654 994 822 1074 spectatus
841 980 943 1074 longo
956 994 1125 1075 tempore,
1146 981 1226 1050 dum
1248 983 1426 1056 abeuntem
1446 987 1481 1053 iu

405 1089 497 1159 littus
515 1086 613 1157 avide
627 1090 789 1182 sequitur,
805 1089 839 1155 in
862 1111 996 1155 arenam
1016 1090 1168 1159 invectus
1184 1092 1374 1184 exspiravit.
1394 1094 1480 1161 Pue-

405 1222 481 1265 rum
517 1193 705 1265 Alexander
726 1191 902 1290 Maguus¹⁰
922 1192 1091 1288 Babylone
1114 1196 1265 1291 Neptuni
1293 1198 1481 1268 sacerdotio

405 1303 568 1399 prefecit,
586 1326 733 1371 amorem
749 1300 843 1370 illum
868 1301 1015 1371 numinis
1034 1304 1170 1398 propitii
1190 1303 1290 1373 fuisse
1310 1306 1477 1399 interpre³

371 1426 387 1475 6
406 1424 503 1480 totus.
520 1412 561 1478 In
575 1407 690 1477 eadem
702 1406 819 1478 urbe¹¹
833 1412 925 1479 lasso
940 1409 1179 1502 Hegesidemus
1195 1410 1311 1479 scribit
1328 1427 1362 1480 et
1377 1411 1479 1481 alium

441 1542 467 1593 8.
488 1546 520 1591 ln
535 1541 674 1607 hospitales.
695 1538 735 1589 Its
755 1536 861 1590 divisim
883 1538 918 1591 le-
963 1541 1113 1603 Babylonem
1128 1544 1235 1605 nomine,
1244 1544 1355 1609 Neptuni
1365 1548 1481 1594 sacerdo-

405 1618 539 1691 geudum,
548 1630 607 1670 ’nou
618 1629 649 1669 ut
654 1614 739 1688 prius,
751 1621 918 1687 inhospitales,
963 1620 997 1668 tr'o
1006 1620 1130 1686 praefecit.
1139 1618 1359 1672 sitm-ramni
1367 1626 1480 1675 Alexan-

404 1698 577 1771 conjuuctim.
599 1696 744 1753 Potestates
762 1708 854 1751 autem
872 1704 918 1751 r‘o·
963 1702 1144 1767 derllagaas,
1159 1712 1208 1752 etc.
1223 1699 1364 1754 Athenaeus
1378 1702 1479 1774 Diony-

404 1779 477 1831 mani
503 1777 623 1832 homines
647 1796 719 1829 nunc
740 1778 919 1849 appellantur,
962 1776 1031 1830 sium
1045 1779 1190 1846 vocat,lib.
1203 1778 1287 1843 XIII,
1300 1780 1477 1853 ubiejusdem

404 1859 559 1929 magistratu
581 1875 613 1910 ac
642 1855 771 1929 dignitate
794 1857 916 1929 praediti:
962 1858 1112 1927 argumenti
1131 1858 1257 1931 pleraque
1278 1859 1330 1912 ulie
1351 1859 1478 1931 leguntur

402 1940 548 2011 hospitales
557 1936 807 2009 verollippouiatu,
816 1938 864 2009 qui
872 1955 918 1991 eos
961 1936 1029 1989 scitu
1041 1936 1210 2009 dignissima.
1223 1937 1293 1991 Vide
1302 1939 1408 2004 locum,
1420 1958 1477 1992 uon

403 2019 520 2091 hospites
535 2017 729 2090 suscipiebant,
748 2036 763 2069 a
785 2018 884 2089 quibus
896 2018 917 2071 ii
960 2016 1057 2088 procul
1072 2036 1089 2070 a
1109 2018 1173 2071 fine.
1195 2018 1297 2071 Denuo.
1317 2049 1350 2059 —
1369 2023 1476 2073 Pirenam

402 2098 609 2162 contumeliose,
626 2097 766 2162 atrociter,
776 2095 916 2169 injuriose·
961 2100 1110 2149 Alexander
1120 2103 1230 2166 Magnas
1244 2102 1372 2164 Ilabylone
1383 2104 1477 2166 Νερω-

402 2180 454 2252 qu'e
463 2179 559 2233 habiti.
568 2178 611 2232 Sic
620 2178 763 2241 luvenalis,
775 2178 870 2251 Satyra
878 2180 915 2243 X,
961 2180 989 2228 ar'
1000 2181 1139 2230 sacerdotio
1145 2180 1266 2246 praefecit.
1281 2178 1397 2231 Delicias
1411 2178 1476 2232 facit

401 2280 471 2314 vers.
485 2278 549 2314 too:
560 2285 571 2306 ι
580 2260 738 2312 Praeiexum
748 2277 854 2311 sumere
864 2276 916 2312 mu·
960 2257 1083 2321 Solinus,
1100 2260 1229 2331 quihuuo
1244 2260 1323 2313 Plinii
1336 2260 1425 2313 locum
1437 2262 1475 2313 sic

400 2338 457 2405 vis,
470 2342 509 2390 llu
523 2337 699 2400 Fidenarum,
712 2336 916 2409 Gabiorumque
960 2337 1104 2405 intellexit,
1123 2354 1153 2394 ut
1171 2358 1286 2413 puerum
1306 2340 1475 2413 Babylonem

400 2437 456 2472 esse
475 2430 621 2490 potestas.»
647 2415 727 2489 Apud
751 2416 914 2488 Ugbellum,
959 2419 1068 2472 nomine
1084 2420 1229 2473 vocitatum
1248 2421 1356 2474 scribat.
1376 2422 1475 2474 Salma-

399 2499 459 2551 Ital.
483 2499 555 2552 Sacr.
576 2510 631 2550 tom
651 2515 709 2559 ms
733 2514 796 2569 pag.
823 2498 913 2563 1342:
960 2498 1028 2551 sium
1041 2511 1132 2553 tamen
1144 2500 1229 2553 miror
1243 2500 1329 2572 magis
1344 2500 1474 2553 eoSolini

380 2636 383 2645 ‚
399 2605 412 2624 ι
422 2578 593 2631 Innocentius
608 2576 747 2649 episcopus
761 2596 852 2631 servus
861 2596 915 2632 ser-
958 2580 1109 2634 testimonio
1121 2580 1238 2633 Plinium
1249 2580 1320 2635 velte
1332 2579 1370 2634 sic
1385 2598 1475 2633 emen·

398 2678 493 2712 vorum
502 2660 562 2713 Dei.
576 2656 685 2711 Dilectis
695 2656 765 2725 filiis,
775 2658 914 2724 Potestati,
959 2658 1035 2723 dare,
1049 2662 1077 2713 iu
1092 2660 1175 2714 Solin.
1193 2679 1253 2732 pag.
1273 2660 1338 2724 185,
1354 2659 1472 2730 neglecta

398 2738 534 2802 Consilio,
551 2758 601 2791 nec
623 2758 679 2792 nou
698 2738 836 2792 communi
850 2739 915 2793 ciri·
958 2742 1077 2793 omnium
1091 2740 1221 2793 librorum
1231 2738 1401 2807 fidepumn
1413 2745 1474 2792 Ale·

397 2818 458 2872 tatis
482 2817 590 2883 sarta,
614 2831 640 2872 et
662 2818 786 2871 universo
810 2820 913 2891 populo
957 2826 1059 2873 esaar
1067 2826 1186 2889 Magnus,
1198 2823 1349 2884 Babylonem
1361 2822 1474 2882 nomine,

398 2896 676 2961 AdrieusisDioeoesis,
686 2898 804 2951 Salutem
812 2909 838 2951 et
845 2901 914 2972 Apo·
957 2904 1065 2969 Neptuni
1074 2902 1220 2962 sacerdotio,
1231 2910 1281 2953 etc.
1290 2898 1351 2951 Nou
1361 2900 1473 2952 venitin

398 2979 458 3031 stol.
468 2978 711 3032 Bened.·Lsudst
721 2978 855 3050 Ulpianus
863 2980 913 3034 Ju-
957 2993 1073 3034 mentem
1094 2980 1196 3033 scilicet
1214 2996 1314 3031 nomen
1334 2978 1360 3031 ei
1386 2996 1472 3049 puero

397 3059 435 3113 nii
447 3060 597 3113 Gracchani
610 3059 710 3113 librum
723 3065 761 3111 De
781 3066 912 3114 Potestari-
957 3059 1117 3133 Dionysium
1140 3059 1234 3118 tuisse,
1255 3070 1285 3110 ut
1312 3069 1406 3110 auctor
1431 3070 1471 3111 est

397 3144 449 3203 bus,
457 3152 486 3193 ut
496 3140 524 3192 In
534 3142 682 3193 ductorum
690 3139 778 3192 iudice
787 3138 912 3195 diximus.
957 3140 1100 3192 Athenaeus
1108 3179 1115 3203 ,
1123 3140 1170 3192 lib.
1180 3138 1251 3191 XIII
1259 3177 1274 3215 ,·
1279 3156 1304 3208 p.
1317 3140 1379 3190 606.
1390 3136 1472 3190 Haud

397 3218 467 3272 Hinc
476 3220 600 3273 Italicum
608 3219 804 3274 sanstuvtde
822 3222 912 3275 Meur-
957 3218 1105 3271 absimilem
1120 3236 1238 3272 errorem
1247 3219 1303 3289 jum
1313 3216 1412 3269 aliasiu
1424 3216 1470 3269 So

396 3300 428 3352 sii
437 3300 614 3363 Glossarium,
621 3300 810 3363 nltanordrae,
820 3312 846 3353 et
854 3306 911 3355 Du·
955 3298 1011 3351 lino
1019 3297 1257 3370 deprehendimus,
1268 3295 1286 3347 l.
1296 3297 1379 3360 VIII,
1389 3314 1414 3349 c.
1427 3300 1470 3361 64.

397 3380 520 3451 cangium
538 3379 637 3452 pariter
655 3379 683 3431 iu
695 3377 840 3433 Glossario.
858 3379 892 3434 II.
955 3380 983 3431 Is
997 3380 1067 3433 euim
1080 3396 1163 3451 quum
1174 3376 1291 3429 Plinium
1309 3376 1472 3430 transcribe·

433 3478 459 3528 9.
475 3466 505 3511 ln
521 3466 598 3513 lasso.
612 3458 720 3511 Habent
735 3458 846 3530 quidam
866 3478 910 3513 co-
954 3469 1003 3522 ret,
1013 3454 1470 3530 Opuntemqueiueolegeret,quae
1569 3455 1572 3461 ’

396 3538 477 3606 dices,
489 3544 557 3592 Iaso.
573 3539 695 3591 AElianus
714 3557 823 3611 quoque
833 3542 857 3592 tv
869 3532 909 3593 ts-
955 3540 1101 3592 Locrorum
1115 3537 1209 3592 civitas
1222 3548 1274 3599 est,
1287 3535 1351 3607 equi
1368 3554 1468 3589 nomen

395 3640 438 3691 σῳ,
446 3618 492 3672 sed
499 3617 635 3671 mendose.
642 3619 746 3671 Rectius
755 3618 909 3683 Athenaeus,
953 3618 982 3671 id
992 3638 1049 3672 esse
1061 3616 1181 3672 credidit.
1191 3616 1469 3687 Ilium--Compils-

396 3691 498 3770 ἐνῘασῷ.
513 3691 673 3763 Ιασὸςοῃίω,
684 3698 737 3751 sive
748 3690 834 3759 lasea<
845 3718 909 3773 oxy·
953 3711 1041 3752 torum
1059 3716 1136 3751 error
1155 3697 1256 3769 graus,
1276 3695 1469 3747 somniantium

394 3790 500 3841 tonum,
512 3779 600 3833 insula
610 3778 694 3831 Cariae
706 3789 756 3841 est,
767 3776 909 3851 oppidum·
952 3776 1107 3840 identidem,
1119 3789 1144 3830 et
1155 3777 1235 3830 simiae
1247 3776 1328 3840 hujus
1337 3793 1392 3827 non
1401 3776 1469 3828 absi·

394 3876 459 3929 que,
476 3858 510 3911 de
528 3877 582 3931 quo
597 3859 643 3911 lib.
654 3866 687 3921 V,
701 3876 762 3930 cap.
780 3878 822 3927 ²9·
838 3850 908 3921 Iaaae
951 3859 1076 3925 milium,
1099 3876 1179 3930 quam
1208 3868 1300 3909 noster
1321 3855 1468 3908 Foutunius

392 3950 653 4011 proparoxytonum3
664 3938 841 4009 Peloponnesi
848 3938 908 3992 ciri-
951 3948 1082 3992 monstrat
1092 3937 1219 4011 delphino
1229 3934 1372 3989 sciscitanti
1380 3954 1416 3987 an
1424 3935 1468 3987 Pi-

393 4030 446 4082 tas,
457 4038 489 4071 ex
502 4019 644 4091 Stephano.
657 4018 748 4071 Iliun.
949 4039 1032 4072 rarum
1043 4025 1148 4082 nosset,
1161 4016 1381 4089 respondentem:

431 4118 470 4152 10.
496 4106 598 4151 Puerum
617 4102 767 4151 Alexander
783 4102 905 4169 Magum
950 4107 1083 4150 semdoutet
1098 4104 1340 4147 tePirlelttestdemea
1348 4101 1408 4143 enta.
1430 4104 1462 4144 ttr.

390 4180 480 4251 Lege:
499 4186 603 4231 Pirenam
615 4182 765 4232 Alexander
777 4180 904 4246 Magnas,
997 4196 1037 4229 rr.
1051 4183 1082 4229 ln
1100 4180 1186 4230 eadem
1200 4178 1264 4227 urbe.
1282 4174 1389 4227 Solinus
1406 4175 1467 4226 Ioco
