3200 5159
504 641 508 649 Ι
570 556 728 623 claun
755 558 823 623 xr.
1147 554 1225 650 459

158 674 315 762 Alcman³
329 714 369 759 ex
384 688 572 757 clarissimis
582 688 718 757 Gracia
731 689 853 781 poetis,
864 690 985 757 obiere.
992 675 1084 757 Hoc⁴
1094 690 1227 782 quidem

159 810 194 867 et
209 822 287 866 aves
304 795 436 865 infestat
452 818 460 861 :
475 794 649 889 phasianas
661 817 740 862 vcro
753 796 925 881 interimit,
937 796 1000 865 nisi
1015 794 1227 889 pulverantes

159 928 239 973 sese.
253 886 563 971 Pilos'habentium⁵
578 900 705 968 asinum
721 914 850 969 tanturn
865 903 1045 971 immunem
1059 903 1125 971 hoc
1138 900 1227 971 malo

160 1008 316 1095 credunt,
337 1022 372 1078 et
393 1031 471 1076 oves
482 992 504 1074 ⁶.
526 1007 719 1101 Gignuntur
749 1020 860 1075 autem
894 1022 929 1077 et
957 1010 1059 1078 vestis
1084 1033 1227 1103 genere,
1276 1076 1279 1092 ,

160 1116 325 1210 praecipue
347 1113 490 1183 lanicio⁷
517 1114 791 1206 interemptarum
811 1136 831 1181 a
851 1112 937 1208 lupis
963 1116 1087 1184 ovium·
1115 1118 1227 1209 Aquas

159 1206 311 1315 quoque⁸
320 1219 498 1315 quasdam,
511 1218 629 1311 quibus
640 1216 811 1306 lavamur,
823 1219 997 1290 fertiliores
1004 1221 1074 1314 ejus
1080 1223 1227 1316 generis,

159 1327 292 1396 invenio
324 1325 414 1421 apud
442 1339 604 1395 auctores.
638 1325 773 1419 Quippe
799 1352 903 1421 quum
940 1330 1039 1396 etiam
1067 1317 1172 1397 cerae⁹
1194 1326 1227 1397 id

159 1536 222 1591 uitis
240 1536 331 1607 vigiles
357 1533 495 1590 intendere
514 1552 599 1588 curas.
617 1530 670 1586 Sed
714 1550 806 1605 capras
820 1553 910 1589 carere
930 1535 1073 1606 pediculis,
1094 1554 1150 1590 non
1163 1537 1229 1591 item

159 1618 220 1689 quis
234 1634 290 1671 nou
315 1630 410 1687 paveat
429 1612 588 1685 Pherecydis
618 1614 670 1667 l'ata
714 1614 825 1667 ricinis:
840 1614 885 1667 sed
898 1634 947 1667 nec
960 1616 1067 1682 ricinis,
1085 1635 1136 1669 nec
1151 1617 1229 1688 pedi·

162 1694 289 1768 trsgredi,
307 1696 361 1761 Qui
379 1696 463 1749 nimio
475 1693 572 1747 sudore
586 1692 670 1747 fluens
715 1694 791 1758 culis,
803 1712 891 1748 carere
901 1696 992 1749 boves.
1004 1696 1056 1748 Kal
1064 1703 1110 1750 τῶν
1123 1699 1227 1765 ν’χόντον

161 1776 284 1831 animalia
298 1787 364 1829 tetra
374 1774 490 1839 Eduxit,
508 1774 583 1843 turpi
595 1772 670 1826 mise·
715 1776 817 1845 τρίχας,
832 1776 895 1831 πλὴν
907 1776 959 1835 ὄνος
972 1778 1015 1829 οὐκ
1028 1777 1079 1844 ἔχει
1089 1777 1145 1830 οὔτι
1161 1780 1229 1847 ptri·

161 1874 222 1909 rnrn
240 1874 299 1928 quse
323 1867 409 1909 morte
429 1852 571 1908 tulerunt?
597 1853 671 1924 Sylla
713 1854 976 1925 ρας,οῦτννιρότωνος·
989 1857 1010 1908 ri
1023 1851 1053 1909 dt
1066 1857 1120 1921 βόνς
1133 1858 1227 1925 heusis

160 1954 267 2008 quoque
280 1934 371 1988 infelix
388 1934 434 1988 tali
450 1934 578 2005 languore
594 1952 671 2005 pere-
716 1930 1052 2005 dppu·rddirspo'6rrraacl
1060 1930 1127 2006 rel-{se
1139 1938 1229 2008 κρότον·

161 2035 205 2070 sus
220 2014 343 2079 Corruit,
366 2027 392 2068 et
416 2012 487 2066 itudo
507 2031 536 2066 se
551 2010 620 2066 vidit
637 2012 671 2065 als
715 2033 774 2075 νοις·
785 2009 919 2085 ptsipasdl
933 2016 1073 2082 οὺνῖχουοι.
1088 2016 1178 2070 Hsuu.

161 2095 266 2167 agmine
280 2094 362 2148 vinci.
375 2119 386 2141 ι
401 2094 495 2147 Hsao.
756 2111 783 2163 7.
801 2094 928 2162 Praecipue
941 2094 1038 2148 Ιαονὶὶο.
1058 2095 1145 2165 lgitur
1162 2098 1228 2155 virsa

203 2172 230 2227 3.
240 2175 276 2227 Et
287 2175 401 2228 Alcman.
416 2165 537 2245 Ᾰλνιρᾶνα
548 2172 589 2225 τὸν
601 2191 672 2228 nosn-
715 2190 778 2227 ores
794 2192 810 2226 a
824 2172 955 2243 pediculis
967 2187 1030 2227 sunt
1044 2174 1197 2231 immunes:
1212 2197 1229 2231 a

161 2254 207 2311 τὴν
220 2254 383 2308 rocathrist.
399 2254 450 2306 loc.
468 2254 512 2305 cit.
522 2252 672 2322 Antigonus
715 2252 780 2325 lupo
796 2252 869 2306 cesis
879 2253 939 2307 laus
953 2254 994 2307 vel
1007 2254 1121 2307 maxime
1133 2258 1230 2327 ptsspsl·

162 2333 265 2405 Caryst.
286 2352 344 2405 cup.
369 2332 417 2397 65,
438 2331 473 2385 ad
490 2332 671 2385 Alcmeonem
716 2326 942 2403 dne,hosgignit
956 2333 1021 2387 Haec
1034 2334 1143 2387 Aristot.
1158 2337 1228 2390 Hist.

161 2412 304 2483 Physicum
323 2414 456 2485 pertinere
477 2410 505 2463 id
517 2410 673 2483 imprudens
716 2410 834 2465 Animal.
855 2413 903 2465 lib.
917 2414 1042 2485 IX‚oap.
1059 2414 1100 2479 13,
1114 2433 1143 2484 p.
1159 2433 1228 2483 911.

160 2494 272 2564 putarit.
284 2492 317 2546 Id
326 2510 391 2546 vero
400 2490 435 2545 de
447 2492 582 2551 Alcmene,
590 2492 672 2561 Sylla,
715 2490 750 2545 Et
773 2492 948 2556 Plutarchus,
967 2491 1090 2565 Sympos.
1112 2494 1160 2547 lib.
1184 2496 1229 2562 11,

162 2572 331 2645 Pherecyde‚
344 2572 516 2636 Callisthene,
531 2570 622 2623 Mucio
629 2572 672 2641 ju·
715 2586 809 2643 quaest.
821 2591 848 2641 9,
859 2590 919 2643 pag.
935 2574 990 2635 642
1005 2590 1011 2622 :
1024 2572 1070 2625 Aris
1082 2574 1106 2627 ri
1115 2574 1148 2625 sir
1159 2578 1228 2628 tuai-

161 2652 330 2719 recousulto,
346 2664 373 2705 et
395 2652 468 2711 aliis.
490 2649 597 2706 tradidit
609 2650 673 2703 Plu·
717 2650 802 2724 ὅρωτο.
824 2660 873 2703 τῶν
893 2649 1039 2722 προίάτννν,
1055 2654 1083 2705 τὸ
1099 2656 1170 2724 κρέας
1184 2657 1228 2726 pis

163 2732 310 2788 tarchusiu
325 2733 410 2804 syth,
426 2750 485 2802 pag.
505 2728 672 2802 &plisnam
714 2734 875 2805 γλυκύτερον,
901 2734 928 2785 τὸ
949 2726 980 2786 dl
999 2733 1059 2803 {ptos
1081 2738 1227 2802 ptssposrssis

205 2816 230 2873 4.
252 2813 308 2864 Hoc
332 2812 433 2883 qrsidern.
450 2810 570 2865 Pedicnli
595 2812 673 2865 nimi·
715 2816 795 2882 ἴσχιιρ
822 2811 935 2876 ·Quare
949 2811 1039 2864 ovisa
1061 2812 1126 2883 lanio
1143 2812 1229 2867 adeste

161 2910 232 2945 rum.
245 2892 296 2945 Kal
312 2880 359 2964 γὰρ
373 2895 393 2946 al
409 2894 493 2963 ορνιῦνς
511 2893 592 2961 ἔχουσι
607 2894 672 2960 pisi·
715 2912 778 2947 caro
789 2891 898 2944 suavior
908 2903 947 2943 est
958 2909 965 2943 ε
976 2892 1037 2944 lana
1050 2905 1139 2945 autern
1152 2891 1228 2964 pedi·

162 2990 223 3053 ρις,
235 2972 278 3025 ari
294 2974 315 3025 al
325 2974 467 3045 καλούμενοι
480 2971 608 3040 proscissi,
619 2984 670 3026 etc.
716 2974 789 3026 culos
799 2970 927 3041 generat?
941 2996 953 3017 ι
964 2971 1031 3036 Qun
1041 2989 1073 3023 cx
1084 2972 1229 3027 Plutarcho

162 3052 271 3117 Ariston
283 3070 342 3124 pag.
355 3056 424 3122 629.
437 3050 490 3105 Sed
506 3050 524 3103 ii
539 3049 673 3105 molliores
717 3052 794 3107 etiam
806 3050 983 3122 Geoponicon
993 3064 1085 3104 auctor
1091 3053 1228 3124 expressit,

161 3142 224 3183 sunt
232 3142 259 3185 et
271 3132 456 3203 oblongiores,
472 3129 672 3201 tenuioresque,
715 3132 833 3191 lihxv,
843 3148 901 3201 cup.
915 3148 940 3192 r,
953 3148 1012 3200 pag.
1030 3130 1094 3192 403.
1105 3132 1230 3186 Meminit

163 3209 252 3268 colore
259 3210 372 3264 cinereo.
384 3212 522 3264 Necsntur
530 3209 641 3279 pulvere
647 3224 673 3264 et
716 3225 743 3265 et
758 3212 847 3274 Phile,
858 3230 885 3281 p.
900 3227 961 3270 ros.
977 3223 1002 3263 et
1015 3211 1228 3276 AElianus,l{ist.

161 3291 471 3362 aquamtrumqueenim
480 3288 571 3342 aribus
579 3286 672 3342 datum
716 3292 805 3345 Anim.
814 3291 861 3344 lib.
877 3290 900 3353 1,
911 3308 970 3360 cap.
983 3290 1029 3345 38.
1038 3291 1129 3344 Hsao.

161 3381 210 3423 est.
223 3371 313 3423 lirun.
757 3375 783 3427 8.
808 3372 895 3440 Aquas
917 3389 1016 3440 quoque.
1039 3370 1125 3423 Aliter
1147 3372 1230 3442 paulo

191 3454 227 3521 .⁵·
249 3450 318 3501 Pilos
330 3448 474 3502 habentium.
490 3446 596 3502 Aristot.
619 3447 671 3501 luc.
717 3450 890 3515 Aristoteles,
902 3450 1002 3503 Histor.
1014 3450 1129 3503 Animal.
1137 3452 1184 3505 lib.
1191 3453 1227 3514 V,

161 3529 207 3587 cit.
221 3528 310 3582 Hsan.
717 3551 774 3603 cap
790 3533 840 3594 26,
851 3547 912 3599 pag·
930 3532 1005 3583 630:
1022 3532 1136 3584 Γίνονται
1154 3527 1186 3583 dl
1206 3533 1229 3584 oi

203 3613 230 3662 6.
247 3608 461 3661 Ps'loslrabrntiuns
474 3610 566 3660 uinum
581 3619 671 3659 tantum
717 3615 806 3682 ptsipsc
822 3610 933 3673 μάλιςα,
962 3610 1022 3663 ὅταν
1040 3609 1228 3681 pereffluens

162 3692 285 3749 immunem
302 3690 346 3739 lire
365 3688 429 3739 malo
443 3688 554 3752 crederit,
569 3700 594 3739 et
609 3707 671 3742 ores.
714 3688 800 3744 fidere
809 3681 977 3754 οῐςλοὺονταν,
989 3690 1038 3743 ὅσα
1047 3692 1228 3759 ἱχνντὸνλονο-

162 3768 308 3829 Deovlhtts
324 3765 354 3820 ld
373 3768 466 3821 fulsum
478 3786 548 3832 esse,
562 3779 585 3819 et
605 3768 673 3821 dom
716 3774 793 3842 pisus
814 3772 940 3841 pdslpega
965 3771 1034 3835 Qun
1055 3771 1179 3823 animalis
1201 3783 1229 3823 et

162 3848 250 3918 potins
259 3847 339 3901 scribi
355 3860 477 3919 oportere
488 3847 673 3918 Dalecarupius
715 3852 852 3912 lavantur,
867 3863 895 3903 et
907 3850 993 3903 solent
1002 3848 1139 3919 pediculos
1149 3868 1229 3919 gene·

162 3925 286 3979 admonet
295 3928 391 3979 frustra
406 3946 413 3980 ε
428 3946 489 3979 num
506 3940 531 3979 et
541 3929 673 3999 exempla-
715 3950 789 3995 rare,
807 3948 838 3983 es
849 3942 907 3982 tum
918 3930 1042 4000 pluribus
1055 3929 1227 3993 infestantur,

162 4006 202 4057 ria
217 4008 388 4059 consentiunt
403 4006 514 4059 omnia:
531 4018 558 4059 et
575 4006 672 4061 diserte
716 4030 797 4082 quum
814 4027 912 4081 aquas,
931 4009 1029 4080 quibus
1048 4027 1104 4061 sese
1127 4009 1229 4074 lavant,

162 4086 339 4157 Philosophus
358 4084 452 4150 docet,
469 4086 536 4140 Hist
556 4086 670 4142 Animal.
716 4103 846 4145 innunt·
860 4090 951 4143 Haeo.

162 4166 210 4231 lily.
224 4168 261 4231 V,
274 4184 332 4236 cap.
351 4171 398 4231 26,
412 4184 474 4236 pag,
488 4170 555 4235 (iay,
566 4185 628 4221 oves
645 4182 672 4221 et
757 4190 784 4239 9.
809 4170 893 4221 Etiam
914 4188 983 4220 cerae.
1011 4166 1093 4231 Quod
1113 4169 1231 4223 notabile
