3200 5159
349 506 420 578 320
619 507 658 576 C.
684 507 859 578 PLINII
884 509 994 578 Nur.
1021 509 1148 578 HIST.

350 631 481 702 strionis
499 631 624 725 patina,
638 633 716 700 H-S
735 616 890 700 centum⁵
908 646 1020 702 taxata
1041 652 1050 694 2
1070 634 1105 701 in
1126 656 1192 728 qua
1208 635 1323 728 posuit
1337 627 1417 706 eves

351 753 452 808 cantu
477 735 587 831 aliquo
620 751 678 805 aut
705 738 853 806 humano
882 755 1034 809 sermone
1058 738 1212 824 vocales,
1239 743 1310 810 Hs
1336 728 1415 812 sex⁶

352 840 495 938 singulas
514 857 684 937 coemptus
702 868 710 911 ε
726 841 815 912 nulla
837 841 899 910 alia
921 844 1075 915 inductus
1097 847 1278 933 suavitate,
1297 848 1359 916 nisi
1377 862 1416 917 ut

351 952 384 1019 in
401 950 453 1019 his
470 951 684 1018 imitationem
701 948 844 1018 hominis
861 950 1052 1020 manderet:
1067 975 1110 1019 ne
1124 966 1268 1045 quaestus
1282 952 1414 1047 quidem

353 1081 430 1126 suos
461 1056 621 1125 reveritus
657 1052 731 1124 illos
763 1056 910 1149 opimos,
941 1071 975 1126 et
1000 1081 1084 1126 voce
1109 1060 1264 1126 meritos:
1295 1059 1415 1153 dignus

353 1187 488 1257 prorsus
510 1160 596 1246 filio,
617 1186 637 1230 a
662 1185 728 1255 quo
749 1160 924 1232 devoratas
938 1161 1098 1232 diximus⁷
1113 1165 1318 1259 margaritus.
1338 1165 1417 1234 Non

353 1271 397 1337 sit
415 1282 525 1336 tamen
543 1264 606 1354 (ut
626 1291 742 1344 verum
765 1261 894 1356 sntear)
916 1268 1010 1337 facile
1037 1269 1124 1337 inter
1150 1270 1233 1339 duos
1253 1270 1415 1364 judicium

353 1373 565 1468 turpitudinis
584 1398 592 1440 :
615 1375 675 1442 nisi
692 1372 782 1467 quod
794 1359 916 1444 minus⁸
932 1389 983 1444 est
999 1399 1144 1444 summas
1158 1401 1271 1446 rerum
1289 1391 1416 1460 npturae

352 1505 449 1575 opes,
471 1504 570 1573 quam
585 1479 757 1548 hominum
778 1477 927 1574 linguas,
952 1505 1107 1550 coenasse.

321 1615 332 1652 t
405 1588 562 1658 LXXIII.
583 1578 676 1675 (nri.)
691 1587 873 1656 Generatio
889 1587 1001 1656 avium
1023 1585 1162 1684 simplex
1176 1587 1308 1658 videtur
1324 1613 1415 1672 esse,

351 1821 571 1894 monialiprouut
587 1821 807 1874 hononorem
818 1841 864 1874 no·
882 1882 893 1900 l
911 1821 1004 1892 17587
1021 1821 1055 1876 fr.
1078 1819 1113 1874 So
1130 1839 1153 1874 e.
1166 1818 1326 1874 Incredibile
1341 1839 1417 1892 pron·

351 1903 427 1965 cales,
442 1900 497 1953 HS.
509 1901 664 1970 VIsirignlar
672 1912 798 1971 coemptas.
811 1901 863 1954 Sex
906 1918 951 1954 sus
965 1901 1063 1972 figlino
1075 1901 1173 1971 petino
1182 1901 1307 1970 pretium.
1325 1900 1415 1954 Hrnn.

350 1995 439 2036 nutem
449 1979 580 2044 sestertia,
591 1992 622 2034 ut
631 1993 726 2034 uotum
737 1992 789 2044 est,
802 1993 864 2033 sunt
947 1984 976 2034 6.
989 1979 1049 2032 H·S
1066 1999 1118 2033 ses.
1134 1980 1175 2032 ltu
1188 1980 1370 2050 rescripsimus
1382 1999 1417 2033 ex

352 2059 863 2124 sexmillienommum,hoeest,nurei
906 2059 1024 2130 vestigiis
1042 2057 1183 2124 rodinum,
1203 2059 1286 2111 Paris.
1308 2059 1335 2111 in
1361 2078 1417 2129 quo

351 2141 434 2194 nostri
447 2151 552 2192 rentum
568 2150 594 2190 et
607 2139 804 2210 quinquaginta.
815 2140 863 2191 Di·
907 2139 985 2200 liwir
1002 2141 1068 2211 neg.
1085 2157 1117 2204 r,
1135 2151 1162 2190 et
1175 2137 1305 2190 enimin
1320 2139 1419 2208 quihus

351 2236 457 2272 versum
468 2219 557 2291 itaque
569 2219 665 2288 potiore
677 2218 758 2289 ipsius
771 2237 863 2272 menn·
907 2223 933 2270 ris
941 2220 1006 2272 tuor·
1013 2219 1119 2290 legitur.
1134 2219 1260 2288 Imperite
1272 2217 1417 2284 edmodum

351 2299 466 2368 pretium
477 2298 542 2360 luit,
555 2291 691 2350 diversum
703 2297 791 2351 rviunr
804 2317 863 2368 pre·
907 2297 1043 2363 lecerunt,
1059 2297 1105 2368 qul
1122 2302 1222 2348 numnis
1233 2317 1275 2350 ses
1290 2297 1419 2351 haetenus

349 2377 418 2430 tium
441 2395 501 2448 quse
524 2375 552 2428 iu
575 2395 605 2428 es
628 2378 716 2448 potine
735 2377 862 2448 apposito
907 2375 951 2430 edi
961 2377 1030 2448 pessi
1043 2390 1114 2441 sunt,
1125 2395 1209 2447 quum
1220 2378 1265 2429 vix
1276 2395 1419 2430 asumma

349 2470 420 2510 suut.
430 2456 543 2510 Tertull.
557 2456 619 2527 pell.
636 2455 701 2526 457.
720 2455 807 2510 Sinis.
821 2485 863 2498 -·
906 2457 949 2510 rel
963 2457 1038 2527 pullo
1051 2457 1197 2528 gallinaceo
1210 2455 1355 2510 enemendo
1369 2473 1419 2526 per

352 2536 434 2589 Clodii
448 2536 546 2606 AEsopr'.
562 2537 603 2588 De
617 2536 675 2607 ipso
692 2537 785 2606 AEsopi
804 2536 861 2588 lilio
907 2549 1057 2608 essequear.
1069 2535 1139 2590 Nem
1149 2536 1264 2589 sestertii
1276 2554 1336 2602 sex,
1355 2555 1366 2590 r
1382 2536 1418 2590 fr.

349 2615 407 2670 lilio
426 2616 483 2668 hnc
501 2613 622 2686 prodidit
641 2614 765 2668 Valerius
787 2615 861 2669 Mes.
907 2621 956 2669 6ο.
973 2614 1026 2669 Sed
1039 2615 1165 2668 sestertio
1178 2633 1238 2679 sex,
1253 2615 1308 2669 sire
1325 2629 1418 2669 sester-

350 2696 397 2748 lib.
420 2697 478 2761 IX,
497 2713 555 2767 esp.
584 2713 617 2760 r,
640 2713 715 2747 nuru.
741 2713 777 2760 n,
798 2713 860 2766 pag·
905 2695 973 2748 tium
1000 2713 1047 2748 sex
1079 2695 1177 2759 millio,
1207 2707 1270 2747 sunt
1306 2707 1419 2748 monet·

351 2777 419 2838 418.
430 2775 522 2828 Hun.
905 2788 1002 2828 nostr·
1017 2767 1087 2834 1655
1100 2774 1134 2827 lr.
1144 2773 1179 2843 75
1193 2792 1217 2826 c.
1229 2773 1280 2827 As.

391 2855 418 2908 ὅ.
438 2854 498 2908 H·S
516 2865 616 2906 eentum
640 2854 716 2906 Hune
741 2865 861 2906 nostrum
947 2873 974 2924 7.
987 2854 1110 2905 Diximus.
1122 2853 1184 2907 Lib.
1196 2853 1287 2917 1x‚c.
1304 2852 1350 2923 59.
1361 2853 1397 2907 Η,
1454 2875 1458 2883 ·

350 2931 563 2988 emendationem
592 2949 647 2984 non
679 2932 861 2985 Tertullianus
947 2935 973 2988 8.
996 2934 1055 2988 Nisi
1068 2933 1133 3006 quod
1149 2935 1235 2986 mian.
1251 2919 1421 2998 laevinsfin·

351 3015 438 3067 solum
468 3031 516 3065 suo
547 3012 649 3066 cuculo
682 3011 861 3082 comprobet,
905 3013 979 3083 quit,
992 3013 1076 3069 scelus
1086 3011 1202 3076 videtur,
1211 3030 1303 3065 rerum
1318 3024 1421 3068 nutura

350 3093 443 3163 AEsopi
465 3093 583 3162 potinem
609 3103 717 3144 eentum
746 3091 861 3143 millium
905 3110 986 3162 opes,
999 3106 1105 3164 quanta
1122 3104 1227 3164 quauta
1245 3103 1324 3156 sunt,
1345 3109 1420 3146 erens

349 3174 429 3226 fnisse
441 3172 572 3236 scribens,
584 3172 631 3224 lib.
643 3168 677 3224 de
689 3170 787 3235 Pellio,
799 3188 861 3242 μς.
905 3171 1048 3224 absorbere
1066 3172 1160 3238 unire,
1181 3169 1254 3241 quod
1274 3172 1307 3224 rh
1327 3173 1421 3243 AEsopi

355 3271 422 3320 ¹¹9³
437 3251 598 3322 subintelligi
613 3250 686 3303 enim
701 3263 808 3321 oportet
826 3270 863 3301 se·
906 3250 963 3302 lilio
982 3252 1131 3304 factitatum
1146 3249 1263 3304 diximus
1282 3252 1420 3322 superiore

350 3331 526 3394 stertinm‚sive
534 3349 669 3384 nummum:
678 3327 724 3382 sed
731 3329 863 3384 etPlinius
907 3329 977 3383 libne
989 3348 996 3382 ε
1010 3349 1090 3402 quum
1104 3329 1178 3402 quod
1188 3348 1260 3383 nuuc
1273 3329 1420 3383 adinissum

351 3413 407 3483 ipse
419 3409 525 3463 disertis
539 3410 627 3464 verbis
642 3413 755 3462 antoniis
769 3422 863 3462 aarum
907 3423 1017 3476 epatre
1036 3429 1186 3473 murus,
1211 3411 1257 3482 qui
1277 3410 1351 3463 nulls
1369 3411 1420 3463 ulis

351 3492 450 3544 stetisse
476 3492 543 3543 hune
566 3491 651 3560 ipsem
671 3490 790 3560 petinam
814 3487 862 3542 sd·
907 3490 1034 3544 saevitate
1053 3488 1191 3553 inductus,
1210 3490 1298 3542 avium
1317 3489 1422 3560 linguas

351 3569 514 3634 monet,lib.
522 3570 637 3634 XXXV,
647 3587 706 3640 esp.
719 3574 769 3632 46,
783 3582 863 3640 utque
906 3568 1025 3622 humano
1035 3587 1158 3622 sermone
1167 3568 1299 3622 vocalium
1316 3588 1422 3622 coeesre

351 3651 387 3704 its
403 3669 431 3704 se
449 3649 500 3702 hoc
519 3650 579 3702 loco
600 3649 733 3719 scripsisse
752 3645 863 3719 ipsemet
908 3649 1008 3712 voluit,
1021 3667 1101 3721 quam
1112 3648 1182 3701 utin
1192 3649 1422 3702 hishumansrurn

351 3741 521 3784 contestetur.
547 3727 692 3800 Scripser'ut
715 3726 862 3793 nimirum,
907 3727 1056 3799 liugusrum
1081 3726 1284 3781 similitudinem
1305 3727 1425 3798 aliquem

351 3824 406 3865 sest.
413 3821 506 3862 centnm
513 3827 522 3860 :
529 3807 601 3861 unde
610 3820 743 3860 sescentum
749 3807 863 3874 librarii,
907 3806 1058 3861 manderet:
1070 3820 1100 3859 nt
1110 3807 1181 3860 enim
1189 3806 1257 3860 illud
1263 3807 1311 3859 filii
1321 3808 1422 3860 fectum

353 3888 452 3944 eruditi
461 3887 560 3942 deinde
570 3891 685 3940 sexcentis
694 3886 757 3939 H·S
761 3889 864 3958 impru·
906 3886 1019 3939 luxurie
1039 3887 1089 3950 sit,
1105 3887 1261 3957 prolusique
1278 3899 1421 3957 sumptus:

351 3970 446 4024 denter
456 3969 637 4022 confecerunt.
647 3967 682 4020 H.
694 3999 733 4010 —
743 3966 867 4020 Sestertiu
908 3966 989 4020 hebet
999 3979 1070 4020 uerte
1078 3967 1161 4035 petris
1169 3965 1320 4037 exemplum
1328 3966 1424 4036 adjun-

353 4041 475 4114 eentum,
499 4048 555 4101 sire
579 4059 687 4101 centurn
715 4047 866 4101 sestertium
910 4058 980 4100 etam
994 4043 1030 4098 sd
1043 4063 1074 4098 es
1086 4047 1183 4100 seelere
1196 4044 1360 4101 erudelitstis
1372 4065 1425 4099 no·

353 4129 452 4198 millis,
479 4126 619 4200 sdrsqusnt
642 4138 754 4180 monet·
767 4137 865 4180 nostre
912 4138 975 4178 tem.
991 4123 1083 4178 Hsnn.
