3200 5159
361 542 440 625 liro
626 543 666 610 C.
694 543 866 614 PLINII
894 535 1006 614 NAT.
1035 544 1163 615 HIST.

359 695 461 758 cerae,
487 695 592 766 quum
611 670 716 742 fetum
731 674 809 744 inde
826 701 894 746 non
912 675 1078 763 eduxere,
1100 673 1233 761 morbo,
1253 687 1312 744 aut
1332 675 1432 768 igna-

360 777 437 864 ria,
459 792 518 847 aut
541 779 780 851 infecunditate
805 782 958 858 naturali.
980 785 1044 853 Hic
1071 796 1122 852 est
1150 781 1286 852 abortus
1305 783 1431 875 apium.

360 886 516 954 Protinus
540 899 657 956 autem
678 887 790 959 educti
811 905 993 986 operantur
1007 888 1150 985 quadam
1167 886 1338 982 disciplina
1352 909 1441 956 cum·
1527 959 1531 964 ,

364 992 543 1077 matribus,
562 1017 742 1089 regemque
759 996 918 1089 juvenem
940 995 1073 1092 aequalis
1093 994 1192 1064 turba
1210 992 1432 1064 comitatur¹⁹.

331 1118 347 1177 4
417 1099 526 1191 Reges
548 1098 660 1194 plures
670 1097 695 1126 ³⁰
712 1103 932 1202 inchoantur,
951 1129 993 1173 ne
1011 1103 1127 1174 desint.
1149 1098 1293 1171 Postea²¹
1316 1125 1358 1170 ex
1378 1100 1434 1169 his

364 1203 495 1274 soboles
506 1229 608 1300 quum
626 1205 739 1278 adtrita
754 1234 825 1280 esse
832 1211 950 1306 coepit,
968 1209 1126 1280 concordi
1145 1207 1305 1301 suffragio
1321 1206 1433 1276 deter-

364 1310 466 1382 rimos
486 1310 656 1402 necant²²,
672 1339 715 1384 ne
730 1315 916 1387 distrahant
929 1318 1071 1413 agmina.
1089 1318 1168 1385 Duo
1185 1319 1296 1384 autem
1309 1337 1434 1408 genera

364 1439 481 1488 eorum
502 1445 511 1488 ε
530 1417 650 1490 melior
664 1423 759 1517 niger
767 1409 792 1449 ²³
813 1425 999 1518 variusque.
1022 1419 1199 1492 Omnibus·
1212 1421 1322 1490 forma
1346 1443 1433 1489 sem·

363 1683 391 1726 et
403 1672 487 1725 fetum
500 1674 592 1744 apium
605 1693 662 1728 esse
676 1674 810 1742 diximus,
828 1695 875 1730 seu
960 1687 1003 1722 ¹0⁶
1013 1668 1092 1744 Reges
1102 1674 1193 1746 ptum.
1208 1673 1318 1727 tristor.
1327 1671 1429 1727 Histoe.

362 1763 477 1806 ausuum
486 1753 603 1825 ignarim
615 1773 664 1808 seu
674 1755 771 1809 morbo
782 1756 874 1828 aliquo
916 1749 964 1802 lib.
975 1749 1025 1814 lx,
1038 1772 1096 1827 cap.
1110 1757 1158 1818 64,
1172 1771 1201 1825 p.
1219 1756 1302 1808 me.
1317 1751 1412 1806 Hann.

363 1832 509 1903 neglectus,
523 1851 590 1887 cere
600 1835 684 1888 instar
699 1835 837 1900 induruit,
849 1848 875 1889 et
958 1845 1005 1887 π.
1018 1835 1117 1887 Postea.
1131 1833 1240 1887 Aristot.
1254 1832 1365 1886 totidem
1375 1850 1436 1886 ver·

259 1911 276 1938 '·
364 1927 513 1965 amarorem
526 1913 605 1967 simul
620 1913 765 1986 quemdam
782 1916 873 1969 refert.
918 1907 974 1973 ¹²3⁸}
988 1909 1041 1967 lde.
1056 1915 1100 1967 cit.
1116 1913 1223 1967 llran.¹

364 1990 417 2044 tlte
426 2003 467 2045 est
482 1993 590 2047 abortus
605 1995 704 2065 apium.
723 1993 815 2049 Hrnn.
834 2025 875 2037 -
959 2007 1006 2046 aa.
1023 1994 1172 2046 Deterrr'mos
1185 2003 1280 2045 necant.
1293 1991 1356 2044 Non
1369 2009 1437 2063 ope·

364 2058 420 2139 ‘Qui
436 2083 541 2124 vocarer
556 2073 644 2126 clarus.
661 2075 702 2127 Ita
712 2076 875 2128 correximus
917 2073 992 2126 rarise
1008 2074 1111 2145 reginas
1129 2072 1296 2126 interficiunt
1313 2089 1373 2142 quae
1394 2073 1436 2124 ui·

365 2146 504 2204 admonitu
516 2151 640 2205 codicum
651 2155 715 2222 lleg.
727 2173 752 2214 r,
763 2155 873 2220 2,Colb.
918 2154 978 2207 mite
992 2153 1133 2219 videntur,
1148 2152 1195 2206 sed
1219 2169 1271 2205 uua
1288 2169 1304 2205 e
1322 2151 1433 2222 reginis.

369 2245 396 2292 t,
411 2231 527 2295 afflatis.
540 2243 592 2285 ete.
602 2249 687 2304 quum
697 2234 770 2304 prius
778 2252 875 2306 perpe·
919 2234 1077 2287 Preliuntur
1088 2232 1265 2287 intensissime
1273 2229 1434 2301 qusceodern

364 2325 423 2362 aaut
440 2310 586 2382 legeretur,
606 2316 648 2385 qur·
666 2326 769 2365 amiur
781 2315 876 2375 clerus:
919 2325 1201 2384 temporenrscuntur.
1213 2311 1280 2364 Item
1290 2309 1435 2382 quuprina·

366 2405 425 2460 qu·
437 2407 492 2442 vox
504 2409 584 2462 quam
598 2393 652 2444 vim
661 2394 785 2458 haberet,
795 2413 876 2447 nemo
918 2405 979 2445 nata
991 2407 1029 2447 est
1044 2411 1114 2448 casas
1129 2394 1286 2464 perlustrat,
1303 2389 1325 2442 si
1341 2389 1435 2460 quain

310 2501 314 2507 ι
365 2467 495 2522 hactenus
519 2471 657 2526 intellexit.
683 2473 780 2527 Clarus
806 2487 876 2527 certe
920 2472 1132 2545 bisimperatura
1147 2473 1241 2525 alatur.
1255 2469 1436 2523 Siinalreum

365 2549 452 2603 multo
461 2551 610 2621 expressius
626 2552 716 2605 morbi
735 2573 817 2624 genas
829 2553 876 2608 de·
919 2554 1010 2626 regina
1023 2553 1122 2608 err-alio
1135 2569 1213 2624 grege
1227 2553 1333 2605 invecta
1346 2549 1434 2602 intro·

365 2627 462 2695 ‘lffltr
481 2630 593 2685 folliculi
613 2633 756 2701 nimirum,
770 2652 816 2686 seu
831 2635 876 2687 ovi
919 2632 1040 2694 ducatur,
1052 2634 1079 2686 in
1091 2627 1159 2687 hane
1171 2633 1217 2685 illa
1224 2630 1304 2684 irruit
1312 2647 1372 2702 ipre
1382 2630 1435 2681 im·

364 2706 726 2781 fetusqueduritiam,instsr
735 2733 812 2767 cerae.
822 2715 876 2767 Ne·
919 2726 1003 2786 perat.
1017 2713 1110 2767 Occisa
1125 2711 1216 2783 regina
1233 2710 1435 2783 qualibet,p0st

366 2804 419 2859 que
428 2808 477 2844 nos
492 2791 562 2862 fugit
574 2793 661 2863 κλήρου
682 2795 716 2847 ab
735 2795 878 2847 Aristotele
919 2793 1075 2846 vicenarum
1106 2805 1133 2845 et
1159 2805 1275 2866 quatuor
1304 2786 1433 2842 horarum

365 2866 424 2920 fleri
436 2872 616 2937 mentionem,
629 2871 698 2926 Hier.
717 2873 808 2926 Anim.
828 2874 876 2926 lib.
918 2873 1085 2926 intervallum
1101 2882 1188 2943 potest
1198 2889 1267 2924 nora
1284 2867 1434 2929 introduci.

347 2992 351 3003 .
366 2946 419 3013 nt,
430 2965 488 3021 cap.
502 2953 556 3014 64,
569 2967 629 3023 pag.
649 2953 739 3020 11283
753 2951 802 3005 sed
816 2971 876 3006 rer·
919 2970 999 3025 quam
1011 2953 1125 3005 libenter
1134 2961 1221 3004 toturn
1232 2955 1435 3003 eramen'veue·

366 3027 481 3082 micalus
493 3030 622 3084 nimirum
635 3032 658 3084 is
681 3045 735 3096 est,
748 3051 803 3104 qrro
818 3037 877 3086 cre«¹
919 3043 1001 3086 ratur.
1017 3033 1058 3085 Cf.
1075 3033 1188 3096 Hunn,
1199 3031 1311 3084 Observ.
1325 3029 1355 3089 1,
1373 3047 1434 3099 pag.

365 3119 455 3161 scente
475 3110 564 3163 alveus
584 3124 656 3164 totus
678 3112 753 3182 quasi
777 3113 878 3166 araneis
924 3115 978 3181 169
991 3131 1050 3184 sqq.
1068 3109 1191 3164 Currrn.

365 3185 627 3262 obducitur,farique
635 3203 798 3262 putrescunt.
806 3191 878 3245 Mor·
965 3191 1010 3244 ²3.
1037 3191 1127 3243 Melior
1141 3193 1210 3260 niger
1221 3191 1361 3260 veritisque.
1376 3185 1436 3239 Ad-

366 3267 395 3319 bi
410 3267 440 3320 id
455 3287 538 3339 genus
557 3289 572 3322 a
590 3272 666 3324 claro
679 3270 830 3325 diversum:
843 3271 877 3326 de
920 3271 1039 3343 stipulari
1060 3289 1122 3324 sane
1141 3270 1228 3341 prima
1248 3269 1314 3321 facie
1327 3265 1437 3320 ridetur

366 3353 422 3418 quo
433 3347 547 3401 dirim
557 3367 614 3422 cap.
628 3367 671 3403 ar.
684 3352 776 3404 lirun.
920 3350 1045 3414 lectioni,
1055 3349 1134 3422 'quam
1144 3349 1209 3402 libri
1216 3367 1314 3402 omues
1320 3345 1433 3420 publici,

411 3445 456 3496 ¹9·
479 3428 569 3502 flegon
595 3427 730 3483 comitatae.
755 3431 877 3484 Examiui
908 3433 979 3502 'post
999 3431 1187 3493 Hermolaum,
1207 3446 1263 3503 pru
1282 3443 1310 3481 se
1331 3427 1433 3489 ferunt,

366 3507 477 3560 cuilibet
490 3506 544 3560 dux
561 3527 639 3574 suus,
651 3512 694 3563 rel
711 3509 801 3582 potius
818 3529 878 3577 sua,
921 3511 1004 3562 melior
1016 3512 1084 3578 rusus
1102 3529 1172 3582 quam
1198 3511 1269 3578 niger
1289 3511 1436 3576 neriusque,

366 3584 402 3639 de
412 3587 503 3658 regius
515 3589 621 3660 loquor.
634 3591 669 3643 At
681 3591 777 3661 sapius
788 3591 878 3664 prisea
921 3589 1051 3643 unanimis
1070 3589 1203 3662 planeque
1219 3588 1376 3664 conspirans
1388 3607 1437 3642 ve·

366 3667 457 3736 regina
468 3685 691 3739 norum'examen
700 3671 762 3742 agit.
772 3671 799 3723 Si
808 3671 878 3724 bina
921 3678 1007 3723 terum
1023 3686 1174 3723 cousensus.
1199 3670 1222 3722 E
1246 3669 1346 3724 Grecis
1364 3667 1437 3722 cuim

366 3746 465 3817 regine
477 3746 583 3813 adsunt,
591 3749 619 3800 in
633 3750 709 3803 binas
718 3763 805 3823 partes
818 3769 880 3804 exa·
923 3751 1002 3804 Arist.
1016 3751 1083 3804 Hist.
1099 3750 1188 3803 Anim.
1203 3748 1252 3814 lib.
1262 3749 1298 3815 V,
1310 3767 1367 3820 cap.
1388 3766 1437 3818 19,

367 3844 430 3879 men
441 3826 549 3881 secedit.
571 3828 732 3900 Quanquam
749 3849 804 3882 non
818 3849 879 3884 raro
922 3849 983 3904 pag.
1001 3831 1055 3884 608
1065 3847 1072 3882 :
1083 3835 1138 3882 Τῶν
1149 3825 1438 3901 ὃὶὴγιμόνωνῄηςυὶῐς

366 3907 466 3973 evenit,
475 3920 516 3974 ut,
528 3927 611 3980 quum
628 3921 741 3981 utraque
755 3927 818 3980 pars
828 3929 880 3964 nu·
923 3911 960 3971 tet
974 3911 1031 3982 γένη
1044 3905 1105 3961 δύο·
1119 3912 1131 3962 ὁ
1149 3908 1194 3982 pis
1211 3909 1321 3975 βιλτῖων,
1333 3909 1436 3980 cupide·

366 4003 469 4058 merosa
483 3988 527 4040 vix
544 3989 578 4041 sit
600 3990 675 4054 satis,
691 3991 772 4043 altera
787 4009 819 4044 ex
831 4009 879 4044 re·
923 3985 975 4043 ld*
985 3993 1079 4060 ῐτιρος,
1099 3991 1176 4059 μέλας
1195 3989 1236 4043 καὶ
1256 3989 1437 4057 retrudimur.

367 4065 436 4138 ginis
457 4069 569 4134 relicta,
585 4069 661 4124 alteri
682 4089 738 4124 sese
754 4071 878 4124 comitem
927 4097 938 4118 ι
950 4071 1012 4123 Duo
1027 4082 1089 4122 sunt
1103 4087 1197 4141 regum
1209 4087 1304 4140 genera
1320 4065 1438 4121 :melior

368 4143 481 4204 addicat.
494 4150 612 4203 Curru.
924 4149 1014 4214 rufus,
1028 4151 1094 4202 alter
1102 4149 1178 4221 niger
1193 4148 1324 4204 etrurius.
1341 4173 1351 4194 ι
1369 4147 1439 4212 Qun
