3200 5159
384 522 456 602 104
644 520 681 587 c.
710 494 883 589 rmnn
910 518 1019 587 rur.
1048 450 1174 586 nisu

344 671 355 705 ¹
417 634 555 719 XLIV.
574 639 733 743 (xxvnr.)
751 652 893 721 Piscium
914 650 1048 745 quidam
1073 650 1231 744 sanguine
1253 666 1382 734 carent,
1398 652 1440 719 de

266 761 269 770 '
375 755 495 851 quibus
510 754 666 826 dicemus.
683 759 769 825 Sunt
783 773 893 826 autem
915 758 978 826 tria
998 754 1159 850 generaff
1180 757 1214 823 in
1235 758 1348 851 primis
1365 783 1440 851 quae

375 860 489 930 mollia
500 861 732 957 appellantur
752 863 871 933 demde
883 876 1034 932 contecta
1050 862 1167 931 crustis
1183 862 1360 931 tenuibus:
1351 888 1439 999 po·

376 983 501 1037 stremo
520 970 612 1037 testis
631 967 785 1038 conclusa
797 969 901 1038 dums.
920 967 1035 1037 Mollia
1057 982 1134 1036 sunt
1139 954 1305 1086 'loligo³,
1321 956 1440 1062 sepia⁴,

376 1072 533 1169 polypus,
553 1090 587 1143 et
607 1090 726 1143 caetera
746 1075 816 1167 ejus
834 1076 972 1169 generis.
992 1076 1051 1143 His
1070 1088 1172 1169 caput
1184 1075 1270 1142 inter
1291 1074 1391 1168 pedes
1407 1089 1441 1143 et

375 1194 526 1248 ventrem
542 1208 550 1247 :
568 1179 734 1310 pediculi
725 1183 836 1250 octoni
851 1182 1012 1251 omnibus.
1027 1182 1132 1274 Sepiae
1147 1193 1180 1249 et
1194 1178 1320 1275 loligini
1339 1179 1439 1274 pedes

375 1284 443 1354 duo
460 1311 500 1355 en
517 1286 569 1355 his
602 1286 782 1381 longissimi
800 1302 834 1357 et
848 1289 972 1382 asperi,
988 1285 1107 1380 quibus
1129 1286 1172 1353 ad
1191 1310 1250 1355 ora
1263 1285 1441 1355 admovent

376 1391 488 1478 cibos,
505 1393 585 1460 etin
595 1392 749 1462 fluctibus
765 1418 817 1481 se,
831 1393 922 1463 velut
935 1393 1082 1481 ancoris,
1095 1390 1289 1461 stabiliunt:
1305 1406 1440 1479 crotera,

376 1499 453 1566 cirri
462 1482 622 1591 ⁶,quibus
643 1513 817 1568 venantur.

376 1682 567 1735 vernumque
578 1682 663 1735 prsoes
673 1678 743 1729 sunt
755 1660 885 1735 ὁδρᾶιιων,
929 1682 986 1736 cup.
1007 1684 1017 1717 ι
1023 1680 1105 1734 ,.psg
1118 1669 1181 1727 400,
1195 1674 1221 1714 et
1231 1680 1289 1732 cop
1300 1682 1314 1713 s
1319 1682 1364 1734 ,p.
1374 1670 1439 1727 tos.

378 1741 412 1795 de
438 1762 493 1815 quo
518 1744 566 1796 lib.
595 1744 723 1807 xxxu,
746 1762 806 1816 esp.
839 1745 885 1807 52.
928 1744 1022 1798 Mollis
1037 1742 1240 1814 μσλιίιιιιιιιιιιι.
1250 1754 1441 1795 coutectscru·

378 1833 404 1875 et
428 1824 440 1874 i
462 1828 594 1882 θαλάσσιος
617 1824 677 1894 ὄφις.
704 1825 745 1876 De
765 1835 887 1895 serpente
929 1823 976 1875 stis
989 1822 1126 1887 tenuibus,
1146 1810 1349 1893 penelopa·
1366 1824 1439 1891 ὀςριι-

378 1902 483 1955 msrino
501 1914 591 1955 narrat
610 1901 695 1955 brec''
686 1921 745 1975 ipse
764 1903 888 1956 Allienus
929 1898 1244 1996 sp'rlsppedeuiquetestis
1253 1900 1378 1954 oonolusa
1389 1899 1440 1953 du·

379 1981 419 2033 tt.
438 1979 473 2034 de
491 1982 605 2034 Animal.
626 1982 739 2046 lib.VI‚
760 1994 835 2035 trect.
861 1984 887 2045 3,
924 1983 975 2039 ris.
990 1982 1081 2035 Hsuu.

378 2078 438 2133 pag.
460 2064 526 2126 261,
545 2061 686 2116 Aristotele
702 2061 802 2115 scilicet
822 2080 888 2132 pre·
971 2081 995 2114 s.
1012 2061 1107 2113 Mollia.
1122 2059 1223 2112 Divisio
1237 2059 1294 2111 hee
1307 2057 1434 2111 Aristote-

380 2152 470 2202 eunte‚
483 2140 552 2193 Hier.
563 2141 652 2194 Anim.
667 2141 714 2194 lib.
726 2142 781 2206 IX,
797 2160 820 2193 c.
841 2139 888 2206 bo,
929 2140 981 2193 lice
997 2152 1050 2203 est,
1072 2139 1203 2203 mollusca,
1221 2150 1332 2203 testeae,
1345 2150 1441 2189 eruste-

381 2236 441 2290 psg.
456 2218 526 2273 1085
540 2237 547 2271 :
564 2211 624 2273 ὁδ’
634 2221 684 2291 ὄφις
701 2224 713 2273 ὁ
726 2220 887 2282 θαλάσσιος...
930 2240 971 2271 ceo
982 2237 1061 2291 qnam
1078 2218 1111 2271 sd
1125 2219 1198 2271 huuc
1209 2236 1292 2289 usque
1300 2217 1371 2271 diem
1381 2238 1441 2271 zoo-

382 2298 424 2352 ἐὰν
444 2297 536 2367 prieti
549 2300 592 2353 καὶ
606 2300 682 2369 ιἰφιθῇ
698 2301 731 2359 εἰς
745 2300 789 2355 τὴν
807 2300 888 2371 ἄμμον
930 2299 1031 2370 logiste
1048 2300 1131 2356 secuti
1145 2310 1215 2351 suut.
1230 2300 1347 2351 Certen.

379 2374 535 2430 κατιδὺιται
548 2380 624 2446 ταχὺ,
642 2385 679 2447 τῷ
693 2377 774 2448 ῥύγχει
786 2374 889 2447 διατρυ-
972 2378 997 2430 3.
1023 2378 1119 2447 Loligo.
1148 2376 1222 2447 Sepia
1250 2378 1325 2448 loligo
1353 2378 1432 2429 Linn.

380 2458 472 2517 πήσας.
491 2460 531 2510 De
542 2470 663 2529 serpente
678 2458 794 2520 marino,
817 2460 890 2511 Ilou-
931 2458 1003 2528 vulg.
1016 2458 1114 2509 colmar.
1127 2457 1243 2511 Curmn.

381 2535 890 2606 delet.Hist.An.lib.XIV‚c.7.H.-·-
973 2544 998 2605 4.
1019 2536 1099 2607 Sepia.
1116 2535 1189 2607 Sepia
1207 2535 1336 2603 officinalis
1358 2536 1438 2588 Linn.

382 2617 465 2667 Draco
475 2620 587 2668 monnio.
599 2617 667 2669 Cum
676 2618 824 2669 Ronomr
834 2636 890 2671 non
932 2616 1001 2669 Gall.
1015 2617 1040 2667 lo
1051 2617 1134 2668 scithe.
1147 2616 1265 2669 Currus.

380 2695 514 2749 immerito
531 2694 623 2748 credas
638 2696 726 2761 buno,
745 2708 775 2747 ut
792 2709 818 2749 et
834 2714 890 2749 ere·
974 2694 1000 2748 5.
1014 2695 1091 2747 Pedes
1101 2695 1149 2748 duo
1163 2718 1194 2747 ee
1205 2696 1248 2746 lis.
1265 2692 1350 2747 Pedes
1362 2712 1378 2745 a
1393 2712 1439 2763 pe-

380 2792 529 2839 neum,esse
539 2776 671 2827 eruedinum
681 2776 889 2829 dracouemLinn.
932 2772 1027 2827 diculis
1044 2773 1190 2845 distinguit.
1205 2772 1307 2826 Pedum
1327 2790 1440 2827 numero

382 2850 479 2913 (nobis
494 2855 519 2904 la
532 2858 584 2906 eive
593 2851 618 2918 );
633 2857 733 2927 quippe
744 2874 823 2925 quem
837 2857 890 2907 llo-
931 2854 1113 2925 promuscidas
1126 2854 1329 2926 complectitur:
1344 2865 1441 2922 preter

382 2934 470 2985 maibu
491 2929 626 3001 δράκαιναν
655 2948 758 2987 vocant.
773 2936 888 2993 Plinius,
932 2951 996 3005 ques
1007 2932 1124 3004 pediculi
1136 2934 1227 2987 octoni
1239 2933 1340 3004 loligiui
1352 2933 1442 3002 sepire·

380 3011 428 3064 lib.
441 3013 496 3074 IX,
509 3031 568 3083 cap.
583 3017 769 3077 &araneum
784 3014 821 3066 ait
834 3014 890 3067 aui·
932 3025 1068 3085 querunt.
1084 3016 1142 3066 Hoc
1154 3031 1237 3084 quum
1249 3013 1359 3065 minime
1372 3012 1440 3082 Hip-

381 3090 434 3143 mal
459 3093 613 3161 pestiferum
642 3093 725 3163 spinse
753 3095 779 3146 in
809 3091 890 3145 dorso
931 3093 987 3163 pol.
998 3090 1440 3149 Salvianusanimedverterehim·

381 3171 473 3223 aculeo
499 3172 620 3226 noxium.
646 3172 741 3225 AElian.
771 3173 818 3225 lib.
844 3174 890 3237 11,
932 3170 1440 3243 meritononsimplicem.sedgeminum

381 3268 438 3320 cap.
455 3248 504 3316 503
519 3251 634 3323 Oppinn.
650 3250 763 3304 Halieut.
785 3252 831 3305 lib.
846 3253 889 3317 11,
931 3270 1049 3304 errorem
1064 3270 1151 3304 errore
1169 3251 1220 3303 boe
1234 3252 1294 3303 looo
1323 3250 1439 3302 Plinium

382 3347 418 3380 vs.
435 3330 586 3394 458,·idem
600 3331 681 3384 siunt.
697 3332 780 3401 Atqui
793 3344 889 3385 nostrie
931 3330 1086 3383 criminatus
1099 3344 1146 3384 est.
1160 3332 1252 3383 Hsnu.

382 3410 505 3462 or'oeboec
526 3424 565 3462 est
584 3424 645 3463 uoto
675 3409 887 3464 celebratissima.
971 3414 999 3463 6.
1014 3410 1123 3476 Cetera,
1141 3413 1199 3462 cirri
1212 3410 1296 3482 quibus
1310 3420 1439 3460 cenentur.

380 3488 484 3558 Plinius
518 3489 564 3542 lib.
587 3490 709 3547 XXXII.
735 3488 769 3542 de
794 3491 888 3543 vulne·
931 3490 972 3541 An
995 3489 1097 3560 potius,
1128 3488 1211 3560 quibus
1237 3482 1346 3541 notant?
1371 3488 1439 3541 Nuus

380 3568 455 3621 ribus
476 3568 594 3638 loquitur
615 3588 675 3639 quae
700 3570 886 3639 operculorum
929 3569 1082 3622 Aristoteles
1103 3587 1109 3621 :
1137 3572 1194 3629 Τοῖς
1215 3565 1245 3621 δὲ
1265 3568 1400 3637 πτιρυγίοις
1423 3568 1439 3618 ἃ

380 3647 463 3716 spinis
485 3647 589 3717 infligit.
605 3648 675 3699 Tum
696 3663 721 3701 et
741 3649 769 3701 in
791 3654 888 3716 τῇιιίυι
929 3650 1010 3716 ἔχουσι
1024 3648 1081 3718 πιρὶ
1095 3650 1123 3701 r'o
1140 3649 1229 3709 ebroe,
1243 3649 1365 3699 risuum«
1380 3647 1440 3699 Pin·

379 3726 495 3796 reperias
508 3745 610 3779 morem
624 3728 652 3778 in
663 3747 768 3780 arenam
779 3748 833 3781 sese
845 3749 887 3784 ra·
929 3728 970 3779 nis
978 3728 1067 3780 alvum
1074 3725 1310 3789 circumdantibus,
1318 3738 1416 3778 notent
1426 3742 1436 3767 ¹

378 3804 514 3875 pidissime
524 3804 668 3875 mergendi.
680 3808 797 3861 Cuvrns.
929 3808 1073 3876 longiores
1084 3826 1147 3860 sene
1160 3805 1230 3859 duos
1240 3805 1321 3876 pedes
1336 3804 1439 3857 Aristo·

419 3885 516 3938 XLIV.
530 3904 554 3937 r.
566 3884 716 3937 Suntourem
727 3892 774 3938 trio
785 3906 883 3956 genero.
930 3886 992 3939 teles
1010 3886 1179 3956 proboscidas
1200 3885 1358 3957 appellarit.
1379 3884 1439 3955 qui-

377 3964 492 4017 Piscium
505 3963 628 4018 videlicet
644 3967 770 4036 sanguine
791 3984 882 4019 curen-
927 3967 993 4030 bus,
1005 3978 1034 4019 ut
1054 3966 1091 4019 ait
1104 3966 1219 4023 Plinius,
1232 3962 1266 4016 od
1285 3983 1331 4015 ora
1346 3963 1438 4017 aduro-

377 4044 453 4098 tium.
466 4043 695 4114 Hubetboccsput
703 4044 814 4097 totidem
825 4064 883 4099 ver·
926 4056 990 4097 vent
1015 4046 1114 4097 cibos:
1147 4045 1283 4099 breviores
1312 4054 1435 4102 ceteros,

375 4124 415 4176 his
433 4125 510 4176 Arist.
521 4122 621 4177 Histoe.
637 4125 752 4178 Animol.
768 4125 814 4177 lib.
828 4126 879 4189 IV,
926 4123 1007 4177 modo
1020 4128 1174 4189 ntssrdsee,
1185 4122 1268 4177 modo
1281 4120 1368 4193 pedes.
1382 4122 1416 4173 H.
