3200 5159
559 593 726 661 LIBER
752 594 821 662 IX.
1158 592 1229 665 133

150 726 398 824 procerioribus
412 748 471 795 sua
485 726 590 818 gratia
603 739 670 794 est:
685 711 862 797 elenchos⁸
877 702 1047 821 appellant
1056 726 1231 823 fustiguta⁹

150 833 378 930 longitudine,
411 830 653 901 alabastrorum
661 830 687 856 ¹⁰
710 832 819 928 figura
842 836 875 901 in
899 832 1082 927 pleniorem
1113 832 1230 903 orbem

150 942 350 1011 desinentes.
373 942 446 1008 Hos
466 937 576 1034 digitis
598 939 820 1034 suspendere,
848 953 882 1007 et
900 938 1025 1009 binos'¹
1050 965 1090 1010 ao
1115 955 1230 1011 ternos

151 1048 306 1131 auribus,
325 1045 524 1116 feminarum
537 1042 644 1140 gloria
664 1059 723 1115 est.
745 1046 898 1115 Subeunt
917 1045 1055 1117 luxuriae
1074 1047 1143 1141 ejus
1165 1073 1229 1116 no·
1248 1064 1265 1118 3

151 1156 264 1244 mina,
284 1168 319 1224 et
339 1151 456 1239 taedia,
476 1153 638 1246 exquisita
663 1151 795 1249 perdito
822 1152 1012 1248 nepotatu⁸²
1036 1178 1043 1221 :
1066 1155 1228 1248 siquidem

151 1389 461 1456 tur-,sbuluminisclsro
472 1390 667 1451 coloressuu.
712 1389 904 1462 significetur:
931 1402 1056 1463 recteque
1073 1390 1134 1455 ideo
1154 1391 1228 1464 apud

157 1474 243 1524 1166.
258 1504 299 1515 —
312 1471 510 1525 [inluminatos.
525 1470 580 1536 Qui
597 1488 668 1523 sum·
712 1468 885 1535 mattheum,
897 1469 1053 1543 Msgduleus
1064 1470 1163 1526 obtulit
1176 1472 1227 1535 sls-
1244 1520 1249 1533 ,

150 1570 196 1605 ms
209 1552 331 1605 cundoris
337 1551 454 1604 claritate
461 1550 570 1604 alumen
586 1568 668 1602 eemu-
712 1550 832 1611 butruur
847 1552 974 1621 unguenti
987 1569 994 1613 ς
1008 1551 1144 1607 tusculum
1156 1552 1226 1605 scili·

151 1630 521 1702 hntur.blumenoptimum
534 1642 667 1695 censetur,
711 1629 750 1683 let
765 1649 797 1682 ex
814 1630 934 1683 luviillo
952 1631 1111 1703 lubricoque
1126 1630 1224 1703 lupide.
1258 1651 1263 1661 ’

152 1729 239 1782 quum
253 1709 471 1765 candidissimum
481 1722 521 1763 est
534 1747 543 1776 ‚
560 1722 668 1763 auctore
712 1708 782 1762 Hinc
795 1709 956 1764 alabastrites
966 1728 1073 1783 quoque
1081 1709 1226 1782 lupisidem

152 1791 244 1843 Diosc.
256 1792 304 1845 lib.
316 1792 352 1857 V,
361 1810 420 1862 cup.
435 1789 461 1853 5,
472 1790 668 1861 pegasi-Sic
712 1787 800 1843 dictus
819 1801 871 1853 est,
889 1788 963 1861 quod
986 1808 1018 1843 ex
1041 1808 1073 1842 eo
1091 1792 1225 1862 precipue

154 1870 276 1933 Plinius,
297 1871 346 1923 lib.
369 1870 508 1931 XXXVI,
535 1888 594 1939 cup.
619 1869 668 1935 3ι,
712 1868 897 1940 hujuscemodi
906 1871 1011 1923 vascula
1020 1870 1224 1924 tierentflsnn.

152 1951 300 2004 amimtum
317 1968 425 2022 quoque
444 1947 536 2003 laudet
557 1948 669 2002 alumini
756 1966 798 2002 11.
819 1949 896 2001 Binos
910 1970 940 2001 uo
955 1963 1032 2003 ternos
1045 1952 1141 2002 auribus
1147 1952 1222 2017 semi·

152 2030 248 2085 simile.
267 2029 361 2084 Hunn.
711 2048 797 2081 uarum
809 2029 890 2099 gloria
908 2042 951 2081 est.
965 2031 1109 2083 Petronius
1123 2030 1221 2083 tribuc-

195 2113 221 2165 8.
239 2108 369 2163 Ekdclros.
389 2112 447 2163 Huc
460 2128 527 2162 voce
541 2128 606 2162 usus
619 2126 668 2180 pu·
711 2125 770 2161 curn
798 2109 965 2180 margaritum
989 2122 1067 2163 vocnt
1090 2128 1098 2163 :
1132 2136 1143 2157 ι
1158 2110 1220 2174 Quo

153 2191 220 2244 riter
231 2190 369 2244 luvenalis
382 2190 467 2244 Sutirs
485 2207 530 2254 ιι,
542 2208 581 2243 vs.
594 2188 668 2259 457:
712 2188 854 2259 margarita
874 2206 951 2254 curu,
964 2189 1096 2255 tribuens,
1112 2187 1218 2251 Indica,

157 2295 169 2317 ι
186 2271 279 2335 Quum
297 2269 397 2323 virides
420 2287 556 2339 gemmas,
583 2282 634 2323 etc.
651 2293 663 2315 ι
711 2269 1015 2322 Anutmutronaornate
1025 2270 1139 2341 phaleris
1148 2270 1220 2342 pelu-

154 2340 231 2419 (Vid.
245 2363 305 2403 not.
321 2368 375 2416 11,
394 2346 470 2414 infr.)
486 2348 582 2413 Gallis,
595 2349 667 2402 eleu·
711 2347 861 2417 giis,Tollst
870 2346 951 2421 pedes
962 2348 1091 2403 iudomits
1100 2350 1129 2402 in
1138 2362 1219 2403 struto

153 2428 557 2501 cbus,per1eenpointe.Hsnn.
711 2428 953 2491 extruneodlud.
971 2430 1035 2483 Jun.
1055 2447 1113 2499 cup.
1130 2448 1175 2491 xv.
1192 2434 1218 2489 o'.

193 2521 222 2577 9.
257 2510 398 2579 Furtigoto.
433 2508 492 2562 Hoc
521 2509 666 2562 verborum
710 2508 849 2574 Juvenulis
863 2508 946 2566 Sutiru
960 2527 1007 2561 rr:
1026 2510 1137 2573 «Quum
1155 2509 1220 2569 viri·

152 2588 381 2661 ambitufigurum
395 2585 580 2654 &meridiari
592 2607 667 2659 epop-
710 2586 757 2642 des
765 2607 883 2663 gemmus
902 2589 971 2641 collo
982 2582 1175 2653 circumdedit,
1193 2602 1219 2642 et

153 2666 320 2735 desidibus
332 2683 389 2740 est,
405 2670 459 2741 piri
478 2669 608 2740 formum,
622 2667 663 2721 rel
710 2688 793 2740 quum
825 2666 944 2721 Auribus
974 2669 1087 2721 extensis
1111 2687 1221 2739 mugnus

153 2750 267 2822 turbinis
284 2751 399 2821 conique
419 2747 555 2803 describit
582 2747 667 2800 Fasti·
709 2748 985 2803 commisiteiencbos.
999 2774 1011 2796 ι
1024 2749 1219 2802 8ειιεο.Βοιιεΐ.

153 2847 215 2900 gere
228 2848 312 2901 porro
328 2848 382 2883 vox
394 2845 433 2885 est
447 2847 503 2882 nou
514 2828 602 2881 Plinio
611 2846 668 2880 mo·
709 2829 758 2882 lib.
776 2829 842 2893 vn,
859 2847 944 2899 capp
963 2827 1088 2881 :tvideo
1106 2829 1219 2882 uniones

152 2908 200 2975 do,
211 2908 259 2964 sed
269 2921 296 2962 et
305 2910 383 2962 Mers
395 2908 555 2980 Pomponio,
564 2908 667 2974 Solino,
709 2928 765 2962 uon
778 2907 898 2980 singulos
910 2908 1020 2980 singulis
1028 2908 1137 2961 auribus
1146 2926 1220 2961 com·

153 2989 282 3062 Capellre,
294 2989 417 3054 Sidonio,
430 2989 542 3060 aliisque
554 2988 666 3041 familis·
709 3000 836 3063 puratos:
848 2990 901 3058 jum
913 2988 1137 3042 enimexercitutre
1145 2989 1222 3041 oneri

151 3070 197 3123 ris.
215 3065 307 3123 nnn.
710 3066 823 3123 ferendo
838 3081 908 3122 sunt.
927 3068 1083 3138 iunguntur
1094 3068 1164 3120 inter
1179 3086 1218 3130 se,
1238 3108 1241 3113 .

201 3166 245 3201 ιο.
277 3150 472 3203 Alabostmrum.
509 3140 666 3219 Ᾰλάὸαστρα
710 3163 736 3203 et
745 3149 856 3221 insuper
866 3148 911 3200 ulii
923 3146 982 3201 bini
993 3160 1220 3219 superponuntur.

154 3230 258 3283 Grecis
272 3231 381 3302 proprie
396 3229 503 3284 vsseuls
523 3242 597 3293 sunt,
613 3246 665 3300 qus
710 3228 773 3283 Non
789 3228 851 3281 satis
873 3227 1014 3282 muliebris
1034 3226 1135 3283 inania
1150 3227 1222 3281 viros

152 3309 241 3362 forms
254 3328 326 3363 nune
338 3307 540 3375 describuntur,
553 3327 586 3361 ex
606 3307 666 3361 lusi
710 3308 868 3379 subjecerat,
875 3308 928 3361 uisi
941 3308 1003 3360 binu
1015 3326 1045 3361 sc
1056 3320 1130 3361 terna
1140 3308 1223 3378 putri·

152 3388 426 3461 lubricoqueiupide,
436 3408 516 3461 quern
531 3387 664 3459 onychem
710 3389 800 3441 monia
814 3388 923 3441 nuribus
946 3388 1057 3463 singulis
1078 3385 1221 3459 pependis-

153 3468 267 3541 proprio
291 3470 382 3523 vocari
412 3468 522 3522 nomine
543 3464 664 3539 (unguis
706 3468 902 3525 sent-Druse.

153 3549 359 3603 enimlrsvorem
368 3540 663 3618 refert),Pliniusidem
752 3566 793 3603 ιι.
814 3548 916 3607 Perdite
930 3547 1111 3617 nepotatu.1tu
1131 3548 1223 3601 reseri-

153 3629 202 3683 lib.
217 3630 357 3697 XXXVI,
377 3648 438 3700 cup.
465 3647 520 3692 rs,
544 3639 664 3694 testatur,
709 3630 810 3701 psimus
827 3647 860 3679 ex
887 3626 1026 3682 codicibus
1052 3627 1117 3697 neg.
1147 3644 1172 3692 1,
1197 3646 1223 3691 ι,

153 3707 291 3763 mendis
321 3709 464 3779 unguentis
495 3708 664 3780 potissimum
710 3709 788 3765 Colh.
806 3728 832 3772 ι,
852 3708 970 3773 =,Psris.
984 3705 1075 3761 chiffl.
1088 3718 1139 3759 etc.
1158 3724 1225 3777 quo·

155 3787 372 3854 destinsts.Quu
382 3789 511 3861 quonium
527 3805 596 3861 ogre
607 3786 666 3859 cupi
710 3785 793 3841 modo
809 3788 865 3841 iere
880 3785 1022 3858 legendum
1039 3786 1184 3841 Turnebus
1199 3797 1226 3838 et
1277 3836 1279 3839 .

154 3868 319 3940 retinerique
343 3868 467 3921 munibus
485 3880 606 3940 possent,
620 3886 666 3919 sus
711 3868 849 3922 Pintiunus
861 3864 994 3931 viderunt,
1006 3885 1089 3938 quum
1105 3863 1226 3917 ineditis

155 3949 307 4003 lubricitate
318 3948 443 4021 perfacile
453 3948 668 4019 elabentis,gens
712 3948 793 4018 rulgo
807 3948 955 4018 legebatur,
971 3946 1102 4017 perdition
1115 3956 1225 4016 portatu.

156 4029 201 4082 illu
214 4030 252 4083 sic
266 4029 407 4100 appellsvit
421 4048 430 4087 t
447 4024 572 4100 privandi
595 4027 667 4080 enim
712 4028 774 4079 Vox
782 4039 907 4097 nepotatur
914 4027 1088 4098 proluxurie,
1095 4024 1228 4079 veteribus

157 4107 291 4180 vimupud
301 4108 602 4179 eossparticulehubet:
612 4125 669 4160 ver·
714 4106 859 4161 familiaris.
870 4107 1043 4178 Tranquillus
1055 4107 1082 4157 in
1099 4103 1228 4175 Caligula,

157 4188 194 4260 bo
210 4201 298 4245 sutem
317 4190 453 4257 λαβέσθαι,
466 4187 552 4260 accipi
569 4188 670 4241 sumive
715 4207 772 4260 cup.
780 4206 874 4241 xxxvii
886 4206 892 4239 :
904 4188 1069 4257 «Nepotatus
1078 4183 1230 4256 sumptibus

1078 4281 1089 4319 3

1051 4319 1076 4393 9
