3200 5159
371 492 446 590 296
633 495 672 564 c.
699 493 875 564 Puluis
901 493 1011 562 ιιι.
1040 495 1171 562 ursr.

369 650 434 696 ova
449 623 603 712 incubet,
625 623 687 694 sub
709 638 798 703 tectu
822 622 1026 730 nomipatam
1044 621 1236 754 palumbem
1253 623 1437 753 relinquere

318 731 474 808 cnidos.
491 730 627 800 Pariunt
646 744 757 800 autem
775 744 851 825 post
866 715 1074 800 solstitium¹⁵
1077 715 1304 800 .¹Columbae⁶
1318 745 1352 800 et
1366 747 1435 800 tur-

370 853 461 907 tures
475 838 604 907 octonis
622 837 715 906 annis
735 837 864 906 vivunt
889 825 1033 930 (xxxvi.)
1054 837 1181 906 Contra
1199 837 1325 931 passeri
1338 838 1436 906 mini·

370 968 462 1013 mum
485 943 581 1028 vitae,
609 947 664 1012 cui
687 940 872 1013 salacitas¹⁷
893 966 963 1060 par
991 927 1141 1012 Meres¹¹
1163 957 1328 1036 negantur
1347 966 1437 1012 anno

368 1049 490 1120 diutius
502 1048 640 1135 durare,
662 1063 860 1144 argumento
873 1049 951 1142 quia
963 1045 1055 1117 nulla
1068 1049 1155 1117 veris
1172 1049 1266 1117 initio
1278 1063 1438 1144 appareat

368 1155 554 1250 nigritudo
545 1179 580 1224 m
596 1169 725 1240 rostro,
739 1178 813 1248 quae
825 1154 868 1226 ab
881 1167 993 1224 aestate
1003 1154 1130 1249 incipit
1145 1155 1287 1224 Feminis
1303 1153 1435 1250 longiu-

368 1259 496 1331 sculum
517 1261 670 1355 spatium.

333 1374 348 1428 ⁵
380 1421 382 1426 .
421 1369 547 1438 Verum
570 1365 731 1437 columbis
764 1369 850 1438 inest
873 1365 1008 1462 quidem
1037 1379 1072 1435 et
1097 1363 1210 1459 glorie
1240 1363 1436 1438 intellectus.

368 1472 475 1543 Nosse
504 1471 619 1544 credas
647 1497 724 1544 suos
746 1471 899 1560 colores,
923 1474 1183 1566 varietatemque
1209 1470 1434 1566 dispositam:

368 1579 563 1674 quinetiam
581 1603 622 1648 ex
642 1577 757 1648 volatu
767 1579 926 1672 queritur
941 1575 1098 1674 plaudere
1116 1579 1152 1646 in
1164 1575 1262 1666 calo,
1278 1581 1437 1674 varieque

371 1683 508 1754 sulcare.
519 1685 596 1773 Qua
613 1685 647 1754 in
666 1686 903 1764 ostentatione,
920 1698 958 1753 ut
970 1681 1131 1768 vinetae¹⁹‚
1143 1683 1333 1778 prebeatur
1350 1686 1434 1756 acci·

366 1793 444 1885 pitri
452 1844 463 1876 ,
492 1789 668 1885 implicatis
683 1792 823 1885 strepitu
838 1790 975 1883 pennis,
991 1790 1048 1883 qui
1059 1814 1129 1858 non
1139 1790 1202 1859 nisi
1216 1791 1295 1884 ipsis
1309 1789 1435 1860 alarum

366 1896 514 1966 humeris
532 1895 687 1966 eliditur:
706 1892 829 1990 alioqui
848 1893 956 1966 soluto
971 1892 1085 1964 volatu
1093 1892 1118 1919 ¹⁰
1136 1897 1170 1964 in
1188 1893 1329 1966 multum
1344 1895 1435 1966 velo·

368 2005 484 2072 ciores.
507 2001 702 2097 speculatur
718 2001 868 2072 occultus
886 2001 1004 2070 fronde
1022 1998 1128 2086 latro,
1146 2015 1180 2070 ιι
1193 2001 1436 2096 gaudentemin

305 2136 308 2149 ⁴
334 2119 351 2168 6
369 2110 441 2204 ipsa
455 2107 561 2202 gloria
576 2109 671 2203 rapit.
685 2095 844 2200 (xxxin.)
854 2107 910 2178 Ob
925 2108 960 2177 id
972 2133 1050 2178 cum
1069 2108 1109 2177 iis
1120 2107 1275 2178 habenda
1286 2123 1338 2180 est
1347 2111 1435 2197 avis,

365 2269 475 2332 XVIII,
492 2287 515 2321 c.
533 2269 566 2322 at
576 2305 585 2332 ,
597 2267 753 2338 palumbum
767 2267 880 2339 gemitus
967 2270 1011 2322 18.
1029 2269 1120 2322 Mam.
1138 2269 1220 2324 Arist.
1239 2269 1307 2323 Hist.
1320 2271 1435 2324 Animal.

323 2348 330 2362 ¹
363 2347 881 2419 nonnisiuonlectoperactoquesolstitio
922 2347 1036 2413 liunt,
1051 2366 1109 2419 erp.
1124 2365 1169 2413 ιι,
1181 2367 1240 2419 pag.
1258 2347 1340 2404 sols.
1360 2351 1396 2404 Η.

365 2427 452 2481 audiri
470 2427 571 2480 scribit.
587 2428 745 2480 Dssnc-
762 2428 789 2480 A
811 2447 878 2480 vers.
966 2446 1010 2496 ¹9·
1030 2427 1065 2480 Ut
1081 2431 1176 2480 vmetoe.
1193 2429 1340 2483 Frobenius
1351 2429 1436 2502 prior,

364 2507 423 2560 Hoc
448 2520 500 2571 ιιι,
519 2523 605 2576 quum
627 2525 674 2559 ver
692 2507 804 2579 incipit,
818 2507 879 2561 ὅταν
923 2509 1049 2559 stomun
1057 2507 1178 2578 scripsit:
1192 2509 1436 2580 quapotiornobis

364 2588 407 2656 lep
424 2589 533 2656 γίνηται.
551 2585 630 2642 Prius
646 2586 709 2640 libri
722 2585 802 2652 editi,
812 2606 879 2642 vers.
922 2586 979 2640 viss
1003 2586 1081 2641 lectio
1107 2599 1161 2652 est,
1192 2607 1271 2658 qnam
1297 2607 1345 2654 ιι,
1372 2608 1434 2661 qun

364 2665 441 2720 MSS.
458 2665 553 2718 Iubere.
569 2665 625 2718 Nos
639 2685 731 2719 auen.
740 2625 804 2718 Nori
817 2680 881 2720 sunt
922 2664 1059 2720 codicibus
1078 2667 1156 2721 MSS.
1169 2628 1358 2740 prioribusqrie
1375 2668 1434 2723 edi·

364 2745 693 2816 sstbaecporropugnanus
704 2763 878 2818 sumusque
922 2745 1041 2799 tionibus
1063 2747 1228 2813 continetur,
1247 2761 1275 2800 ut
1297 2754 1381 2802 victe.
1397 2749 1433 2802 fl.

363 2825 456 2878 scribit
468 2823 541 2877 idem
551 2823 598 2876 lib.
606 2824 710 2890 XVIII,
722 2843 779 2896 esp.
790 2827 839 2891 68,
847 2839 878 2879 nt
922 2857 962 2868 —
974 2826 1113 2879 Utvisctoe.
1126 2828 1216 2880 Dnm'
1210 2840 1246 2880 ιιι
1256 2846 1283 2881 se
1293 2841 1435 2896 ostentant,

362 2903 549 2974 Daleoampius
567 2902 734 2956 existimavit.
753 2902 787 2958 Η.
922 2903 1029 2978 inquit,
1042 2905 1118 2977 qnasi
1131 2906 1224 2960 vincte
1243 2909 1372 2962 seminus
1388 2929 1434 2962 ιιι-

407 2983 451 3036 15.
471 2983 533 3034 Post
559 2983 695 3035 solstitium.
711 2984 796 3036 Vetus
815 2983 877 3039 cod.
921 2983 1034 3056 pedite,
1054 2985 1087 3036 ab
1101 2984 1227 3058 sccipitre
1237 2985 1314 3040 facile
1325 2987 1433 3059 rapiun-

361 3061 454 3115 Dslec.
472 3062 667 3116 etParis.item
680 3062 770 3116 Parm.
784 3062 878 3129 editio,
922 3076 989 3118 tur:
1011 3063 1146 3135 impoditis
1169 3078 1226 3118 tum
1243 3067 1338 3137 pennis
1352 3067 1380 3119 in
1400 3087 1432 3120 eo

362 3141 473 3213 elinque
483 3152 604 3206 vetuste,
618 3153 674 3211 post
686 3142 799 3196 solstitia.
812 3145 877 3215 Req.
921 3143 1033 3215 strepitu
1068 3145 1217 3216 plausuque
1251 3145 1346 3199 ciendo
1377 3165 1433 3218 qno

367 3231 421 3274 set
438 3239 464 3286 s,
483 3220 565 3274 Puris.
582 3240 634 3272 eum
650 3223 760 3274 solstitio.
776 3223 878 3277 Avibus
920 3223 1036 3277 maxime
1061 3222 1180 3295 gnudent
1203 3245 1210 3278 r
1234 3225 1284 3295 qui
1309 3225 1434 3296 strepitus

362 3301 497 3372 squslores
507 3313 650 3372 nutumque
659 3301 878 3366 contumetiam
920 3301 1027 3356 nonnisi
1040 3303 1181 3374 agitatione
1189 3305 1281 3358 crebra
1289 3304 1355 3358 nodi
1363 3305 1434 3358 illins

364 3379 397 3432 sd
413 3393 520 3452 partus,
534 3380 648 3434 maxime
657 3399 720 3434 vero
729 3381 875 3452 palumbis,
920 3383 1058 3448 excitatur,
1064 3383 1220 3454 quibusneri
1227 3383 1313 3438 vicem
1322 3384 1431 3442 obtinet.

362 3471 455 3512 auctor
468 3471 507 3512 est
521 3457 633 3512 Aristot.
647 3459 747 3514 Histor.
760 3462 875 3516 Animal.
920 3480 973 3532 qna
998 3475 1073 3533 parte
1094 3463 1141 3516 sle
1171 3463 1281 3534 corpori
1312 3464 1433 3535 proxime

362 3537 408 3592 lib.
418 3538 501 3604 vm,
518 3556 575 3609 csp.
597 3545 647 3604 ιι,
658 3557 718 3611 psg.
741 3547 807 3610 946.
820 3543 854 3594 Η.
919 3541 1133 3596 committuntur.
1144 3541 1236 3596 Hsnn.

406 3621 448 3672 ιδ.
466 3618 602 3684 Columba,
615 3631 667 3674 etc.
680 3619 759 3673 Arist.
773 3619 874 3674 Hister.
961 3641 1005 3674 ιο.
1011 3619 1198 3676 Solutouolstrs.
1205 3621 1432 3687 Quandoscilicst,

304 3765 306 3772 Ι
362 3698 451 3752 Anius.
468 3697 627 3762 lib.1x,c.
644 3716 732 3770 11,p.
751 3699 875 3756 rolmll.
919 3712 950 3761 ut
969 3701 1046 3755 Maro
1066 3701 1176 3764 cecinit,
1204 3699 1310 3758 AEneid.
1332 3701 1379 3754 lib.
1396 3702 1433 3767 V,

405 3795 451 3847 17.
474 3777 522 3830 Cui
542 3778 666 3832 salacitas.
686 3780 754 3831 Eam
770 3780 806 3833 ob
818 3799 875 3835 rem
918 3799 957 3833 vs.
972 3784 1044 3835 216:
1067 3808 1078 3830 ι
1097 3800 1156 3834 aere
1167 3781 1243 3851 lapsa
1251 3781 1341 3854 quieto
1353 3781 1433 3834 Redit

362 3857 475 3909 Veneris
498 3875 607 3910 ιιιιιιιιιι
628 3856 699 3912 trabi
727 3860 875 3928 passeribus
918 3859 971 3914 iter
982 3859 1242 3932 liquidnm,oeleres
1253 3879 1340 3932 usque
1356 3877 1431 3914 oom-

361 3936 520 3990 sabulantur.
536 3937 684 4007 Terpsieles
693 3935 765 4009 spud
773 3937 874 3994 Athen.
918 3952 1006 3994 movet
1014 3941 1076 3994 ιΙιι.
1089 3966 1100 3988 ι
1111 3942 1188 3994 Tune
1196 3939 1268 3994 enim
1278 3939 1431 4012 predonem

361 4014 379 4066 l.
392 4017 442 4080 IX,
452 4035 497 4069 eos
505 4015 552 4087 qui
560 4017 710 4088 passeribus
723 4030 874 4087 vescuntur,
917 4035 987 4091 seps
998 4020 1173 4090 protervolst.
1193 4018 1273 4073 Unde
1286 4018 1430 4083 Pbudrus,

362 4095 434 4150 sitin
445 4095 644 4150 Veneremesse
661 4096 819 4168 precipites.
836 4098 872 4154 Η.
916 4098 963 4152 lib.
984 4100 1018 4166 1,
1037 4100 1091 4154 ub.
1107 4098 1140 4152 31
1160 4117 1167 4150 :
1184 4124 1196 4146 ι
1209 4099 1430 4171 Columbesaepe
