3200 5159
579 525 738 596 LIBER
762 525 805 590 x.
1153 515 1218 591 331
1244 514 1247 522 '

159 653 284 740 creola,
304 653 471 726 interdum
489 656 622 748 gemina
637 656 773 750 :pennis
791 656 894 750 nigris
906 653 929 738 ¹,
941 678 1002 724 ore
1019 651 1225 738 rubicundo,

159 758 829 856 digitisimparibus²,uliquundoetsuper
841 759 1226 856 quatuordigitostrans·

160 891 258 937 terso
275 891 354 936 uno.
382 865 435 938 Ad
465 890 535 936 rem
557 867 721 952 divinam,
749 866 839 938 luteo
869 880 977 936 rostro
1004 865 1225 960 pedibusque,

160 997 252 1068 purte
269 997 337 1044 non
358 972 513 1042 videntur
533 997 541 1042 :
564 973 607 1042 ud
627 959 824 1068 opertanea³
844 997 955 1055 sacra,
976 973 1087 1067 uigrre.
1110 973 1172 1040 Est
1191 985 1227 1040 et

161 1064 400 1174 pumilionum⁴
414 1103 519 1174 genus
537 1104 605 1148 nnn
625 1078 734 1150 sterile
751 1081 786 1148 in
809 1080 879 1162 his,
904 1077 994 1173 quod
1015 1101 1084 1145 non
1106 1078 1140 1146 in
1161 1075 1227 1147 alio

161 1208 283 1280 genere
300 1183 434 1270 alitum,
450 1184 507 1254 sed
519 1185 639 1279 quibus
657 1199 747 1256 certa
761 1170 965 1260 fecundia?
983 1207 1074 1265 rura,
1088 1197 1122 1251 et
1133 1183 1227 1252 incu-

161 1289 252 1360 batio
265 1291 337 1361 ovis
356 1291 463 1360 noxia.

215 1389 1228 1490 LXXVIII.(nvrt.)lnirnicissimaautemumniumgeneri¹pi
1247 1417 1259 1452 1

201 1620 342 1676 Lxxvu.
366 1640 392 1676 r.
412 1622 498 1674 Pinnir
515 1625 601 1692 nigris.
620 1623 671 1676 Le-
716 1621 785 1678 ovis.
795 1625 862 1676 Item
872 1640 960 1676 rursm
972 1621 1170 1677 incubetionem
1179 1639 1227 1674 uo·

163 1699 280 1773 gendum
288 1704 386 1772 pinnis,
411 1720 465 1755 non
477 1705 577 1776 primis,
590 1721 623 1755 ex
633 1703 671 1756 Μ.
717 1721 776 1758 cere
793 1702 872 1756 etium
888 1702 954 1755 oris.
977 1701 1100 1766 Quorum
1113 1701 1226 1754 ulcerum

163 1781 302 1845 Varrone,
322 1781 370 1853 qui
385 1781 463 1834 etium
479 1783 549 1835 inter
561 1800 672 1852 genero·
716 1782 913 1835 Aristotelicum
938 1793 976 1833 eet
994 1781 1065 1833 libro
1086 1780 1163 1833 tertio
1184 1781 1226 1833 De

163 1859 246 1914 sitatis
259 1872 336 1914 notas
348 1860 467 1931 plumam
478 1859 673 1926 rubicundam,
718 1861 896 1914 Generatione
904 1860 1172 1933 Animelium,cupite
1184 1878 1226 1911 se·

163 1958 218 1993 non
232 1957 262 1992 os
279 1951 420 1993 memorat.
436 1939 500 2010 Ejus
517 1941 597 1993 verbu
611 1953 673 1994 sunt
717 1939 807 1994 oundo
824 1957 832 1994 r
856 1967 867 1989 ι
882 1941 916 1992 Et
932 1951 963 1993 nt
981 1940 1093 1996 unum,
1114 1939 1225 2010 inquit,

163 2019 234 2072 libro
254 2020 333 2072 tertio
355 2018 440 2072 delle
453 2019 566 2082 rustica,
587 2019 675 2091 cupite
718 2032 782 2073 estu
814 2021 909 2073 erescit
933 2018 1035 2072 leuibus
1058 2019 1087 2073 in
1111 2017 1227 2070 sublime

163 2117 237 2151 nono
251 2116 259 2151 ε
273 2099 317 2151 «E
334 2099 408 2169 queis
422 2099 449 2151 iu
463 2098 582 2168 purnndo
595 2099 675 2170 eligat
718 2097 1066 2166 escendentibue,sicnrum
1072 2097 1146 2150 luteo
1152 2095 1225 2169 quod

164 2189 271 2249 oportet
286 2177 419 2231 lcscundns
430 2177 588 2250 plerumque
599 2179 674 2232 rubi·
719 2191 757 2232 est
774 2192 898 2233 temestrc
915 2179 1046 2250 contingit
1063 2200 1071 2232 ε
1087 2189 1114 2230 et
1127 2177 1179 2229 hoc
1198 2174 1227 2226 in

165 2255 253 2312 conda
263 2258 370 2329 pluma,
383 2257 465 2328 nigris
474 2259 580 2330 pinnis,
593 2259 676 2330 impa-
718 2258 822 2331 gallinis
835 2259 995 2331 multipmis,
1006 2277 1088 2330 quum
1096 2266 1228 2328 nequeunt

164 2335 240 2389 ribus
263 2336 371 2410 digitis,
395 2338 498 2408 napis
524 2338 675 2410 capitibus,
718 2339 846 2410 aqualem
865 2339 924 2391 oris
947 2337 1083 2409 impertire
1097 2338 1222 2398 celerem,

164 2417 243 2470 criste
259 2429 361 2480 erectr,
381 2418 476 2488 ample.
492 2418 540 2472 ua
555 2417 626 2470 enirn
641 2416 674 2470 sd
718 2417 765 2471 sed
788 2418 848 2471 eliis
865 2418 941 2489 plus,
962 2417 1052 2469 minus
1069 2415 1127 2470 eliis
1146 2433 1226 2487 quern

165 2496 298 2567 portiones
304 2509 365 2550 sunt
371 2496 494 2566 cptiones.
506 2524 517 2545 ι
529 2497 676 2551 Columella
718 2517 786 2570 opus
798 2509 874 2550 esset.
885 2523 897 2545 ι
914 2496 1033 2548 Alterum
1046 2514 1111 2548 vero
1125 2494 1228 2548 Plinius

164 2576 228 2629 item
236 2587 330 2629 octavo
340 2575 425 2641 libro,
438 2577 523 2648 cupite
535 2575 652 2630 secundo
666 2593 673 2630 t
718 2578 774 2650 ipse
787 2575 866 2629 docet
885 2575 953 2628 infru
965 2574 1052 2646 cupite
1065 2577 1101 2626 60
1114 2614 1121 2626 .
1140 2601 1152 2622 ι
1161 2574 1228 2626 Uri·

166 2677 178 2698 ι
186 2655 232 2708 Ee
244 2656 296 2708 sint
308 2654 463 2709 rubicundo
472 2657 515 2708 vel
529 2657 608 2710 lusco
617 2657 676 2728 plu·
718 2675 766 2721 na,
783 2656 886 2728 inquit,
905 2655 988 2719 liunt,
1000 2654 1172 2707 incubatione
1183 2650 1229 2705 de·

166 2753 229 2800 mn,
248 2734 384 2806 nigrisque
401 2735 524 2807 pinnis.»
542 2735 621 2789 Prnr.
635 2765 676 2776 -
718 2736 808 2790 relicto
818 2774 826 2801 ,
838 2735 952 2807 quenlii
962 2751 1092 2805 cynosurr
1101 2733 1200 2786 dixere.
1212 2758 1224 2779 ι

208 2833 234 2868 ².
254 2815 349 2883 Dr'gltis
363 2815 498 2884 imparibus.
513 2817 590 2868 «Nec
604 2816 676 2886 puri·
720 2813 1229 2885 Ptrtu.-Estetp.genurnonsterileiu
1279 2857 1285 2868 ,
1329 2853 1334 2864 .

166 2895 217 2946 bus
226 2894 347 2964 ungulis,
358 2894 445 2965 inquit
456 2895 618 2961 Columella,
627 2894 674 2948 lib.
720 2894 849 2949 hiemari
859 2895 944 2967 quibus
954 2905 1019 2946 certo
1031 2892 1167 2959 secundem
1187 2911 1228 2942 ra·

166 2973 250 3038 vm,
266 2989 324 3045 cup.
341 2993 373 3037 s,
393 2991 452 3044 pag.
472 2976 546 3038 2⁸1,
564 2993 676 3045 genero·
720 2993 764 3038 ru,
791 2989 841 3028 etc.
863 2974 961 3026 (lenset
979 2971 1164 3044 Deleeempius
1182 2971 1230 3022 bns

167 3052 327 3124 rissimcque
339 3052 499 3118 creduntur,
510 3069 570 3125 quse
580 3055 677 3126 quinos
720 3071 774 3108 esse
791 3052 932 3117 Adrianus,
947 3051 983 3106 de
997 3052 1095 3123 quibus
1109 3049 1231 3121 superius

167 3131 264 3188 habens
277 3133 388 3203 digitos,
404 3145 453 3186 etc.
465 3157 476 3180 ι
493 3132 583 3186 Ηιιυ.
720 3131 952 3204 dictumest,cep.
963 3127 1230 3203 74133010ngsdn-

209 3211 235 3264 3.
259 3212 405 3284 opertanea.
426 3212 494 3277 Que
512 3213 594 3266 Bone
613 3214 676 3265 Dete
719 3229 796 3284 pares
820 3230 874 3266 csse
889 3210 1060 3284 pronuncio:
1076 3228 1126 3263 nee
1140 3208 1230 3262 minus

167 3289 282 3355 liebeut,
295 3293 323 3344 in
338 3303 445 3362 operto,
460 3292 512 3344 hoc
526 3304 580 3356 est,
597 3293 678 3346 inub-
720 3292 790 3345 inter
806 3309 834 3345 se
853 3304 948 3345 nutura
963 3291 1038 3361 ipse,
1054 3307 1135 3361 quem
1149 3287 1229 3344 Plinii

167 3369 241 3436 dito,
257 3388 311 3424 non
327 3368 444 3426 subdio.
458 3369 549 3424 Hsnu.
720 3372 840 3425 oratione
878 3374 1017 3442 rejunctus.
1053 3367 1229 3422 Adriuusrnm

210 3457 235 3514 4.
256 3451 417 3503 Pumllionum
439 3469 523 3520 genus.
549 3447 679 3504 Adrianus
720 3449 1232 3522 cninrclerunditrteprirnncommen·

171 3531 251 3584 Arist.
262 3542 354 3594 roret,
368 3529 436 3583 Hist.
448 3531 494 3583 lib.
509 3531 635 3600 VI,crp.
652 3546 678 3594 r,
721 3528 792 3584 datio
815 3543 854 3584 est
874 3549 881 3583 z
905 3530 1007 3583 hurum‘
1025 3547 1041 3581 r
1065 3528 1233 3583 fecunditate

169 3621 196 3663 et
209 3621 302 3664 ructor
317 3611 374 3682 ipse
383 3611 464 3681 paulo
475 3621 547 3674 onte,
564 3627 622 3680 cup.
641 3608 675 3662 ⁵3
721 3610 794 3664 nullu
810 3609 858 3664 dos
871 3610 983 3682 propriu
1002 3627 1009 3662 :
1026 3609 1080 3663 snle
1095 3609 1233 3662 humilius

167 3689 248 3759 hujus
261 3688 324 3742 libri
344 3687 415 3759 (unp.
431 3707 490 3760 pag.
509 3686 587 3754 Μ.)
606 3683 677 3743 Dsn.
721 3689 835 3760 insignes
848 3689 920 3744 lucit.
930 3690 1087 3750 Columella,
1096 3689 1143 3741 lib.
1152 3687 1232 3751 vm,

210 3769 236 3822 5.
268 3767 320 3821 Sed
341 3769 425 3840 quibus
446 3781 511 3820 certa
529 3769 677 3837 fecunditas.
721 3787 780 3839 cup.
803 3790 834 3835 s,
854 3787 915 3842 pag.
941 3771 995 3824 282
1018 3787 1025 3820 τ
1046 3767 1232 3821 «ΡιιωίΙίουοι

168 3845 308 3903 Scribend.
323 3867 384 3902 reor
395 3849 446 3901 clio
461 3847 556 3902 ordine
575 3867 582 3901 τ
601 3874 613 3897 ι
625 3845 678 3901 Sed
720 3867 797 3914 cres,
814 3849 865 3902 nisi
884 3868 965 3921 quem
985 3849 1122 3902 humilitus
1141 3864 1233 3900 esrum

168 3927 265 4000 quibus
289 3941 358 3981 certe
375 3927 524 3982 fecunditas
544 3927 678 3981 incubatio
722 3927 906 3994 delectet,nec
915 3941 1025 4000 propter
1034 3925 1232 3986 fecunditatem,

168 4007 326 4072 orisuoxie,
337 4021 442 4062 strare.
455 4034 467 4057 ι
480 4009 519 4062 Ut
532 4008 565 4062 sit
577 4025 677 4060 sensus:
721 4025 771 4062 uec
780 4021 893 4080 propter
902 4010 983 4062 ulium
993 4005 1110 4060 reditum
1119 4005 1233 4057 nimium

168 4088 369 4141 lucubationem
390 4089 562 4160 gallinarum,
581 4088 678 4159 quibus
721 4089 823 4160 probo,
836 4102 887 4141 etc.
901 4113 914 4135 ι
929 4087 1020 4141 Ηηι).

168 4179 241 4230 certa
263 4166 419 4222 iucunditas
438 4169 484 4233 sit,
504 4169 608 4222 noxium
622 4185 678 4221 csse
763 4167 919 4222 LXXVIII.
955 4191 977 4220 1.
1000 4167 1102 4219 Pituita.
1131 4163 1169 4215 [a
1194 4167 1235 4232 ρι’-
