3200 5159
511 559 662 630 Lissa
686 563 750 630 ιιι.
1095 563 1164 662 595

13 775 15 792 y
101 697 151 767 vel
167 711 258 766 recto
273 696 434 791 parietum
450 695 556 788 spatio
565 677 602 781 ³³,
620 696 771 788 quamvis
787 694 854 764 levi
867 719 951 766 sono
963 697 1167 771 dictaverba

13 801 14 816 ¹
99 804 141 872 ad
162 803 303 872 alterum
319 815 420 896 caput
441 797 630 894 perferens,
648 801 674 869 si
691 799 782 878 nulla
805 790 1042 898 inaequalitas³⁴
1061 807 1165 901 impe.

99 911 177 979 diat.
194 912 271 979 Vox
282 910 318 975 in¹
329 907 464 976 homine
479 929 633 1002 magnam
652 905 764 978 vultus
781 907 883 978 babet
892 925 1033 1005 partem.
1049 914 1162 1007 Agno·
1182 922 1197 975 5

13 1099 14 1114 χ
100 1018 221 1085 scimus
233 1037 306 1084 eam
322 1015 524 1109 priusquam
538 1033 730 1099 cernamus,
741 1037 809 1082 non
826 1013 922 1084 aliter
932 1039 1031 1111 quam
1042 1016 1165 1087 oculis:

13 1133 14 1214 ]
100 1121 304 1214 totidemque
325 1132 487 1206 sunteas,
507 1132 589 1212 quot
606 1120 641 1186 in
658 1141 769 1188 rerum
789 1135 909 1190 natura
930 1122 1112 1193 mortales:
1133 1138 1167 1192 et
1272 1120 1275 1128 ’

13 1233 14 1246 ’
101 1251 160 1297 sua
179 1228 318 1320 cuique,
335 1227 419 1295 sicut
430 1225 539 1296 facies.
559 1225 646 1293 Hine
661 1223 715 1292 illa
729 1228 894 1320 gentium,
911 1240 1025 1322 totque
1039 1227 1172 1324 lingum

100 1357 195 1418 rum,
220 1347 292 1402 toto
317 1331 398 1401 orbe
420 1330 592 1401 diversitas
616 1355 624 1398 :
650 1331 728 1399 hinc
750 1344 801 1399 tot
822 1345 938 1401 cantus
961 1348 995 1403 et
1018 1334 1167 1423 moduli,

100 1440 331 1532 flexionesque.
350 1437 415 1506 Sed
436 1451 513 1506 ante
532 1437 642 1505 omnia
665 1435 852 1531 explanatio
873 1440 994 1523 animi,
1015 1463 1087 1534 quae
1105 1464 1167 1510 uos

13 1537 14 1622 ζ
100 1545 281 1614 distinxita
304 1543 401 1630 feris,
421 1545 508 1612 inter
527 1543 616 1637 ipsos
636 1529 800 1638 quoque³⁵
819 1544 971 1615 homines
991 1545 1167 1617 discrimen

13 1683 14 1690 ι
100 1649 240 1721 alterum
256 1675 349 1745 aeque
366 1648 507 1744 grande,
526 1671 626 1743 quam
645 1671 665 1717 a
684 1648 817 1736 belluis,
831 1650 919 1720 feeit

153 1757 279 1826 CXIII.
297 1749 385 1846 (ιιι.)
399 1753 552 1823 Membra
574 1753 770 1825 animalibus
789 1770 911 1850 agnata
928 1755 1054 1826 inutilia
1072 1771 1165 1845 sunt,
1187 1783 1197 1817 ι

13 1841 14 1866 ¹
100 1865 185 1932 sieut
206 1876 317 1932 sextus
343 1862 469 1932 homini
498 1883 629 1955 semper
656 1859 787 1955 digitus.
814 1860 941 1932 Placuit
961 1864 996 1930 in
1022 1865 1166 1958 AEgypto

13 1999 14 2028 ι
101 1971 227 2039 nutrire
248 1982 454 2063 portentum,
475 1967 559 2035 binis
581 1980 615 2036 et
634 1969 668 2034 in
685 1991 802 2036 aversa
815 1971 932 2062 capitis
952 1983 1047 2063 parte
1064 1970 1167 2038 oculis

100 2077 290 2162 hominem,
312 2073 368 2144 sed
382 2075 422 2142 iis
442 2097 509 2142 non
530 2087 730 2142 cernentem.

13 2171 14 2180 ἦ
154 2183 277 2252 CXIV.
290 2181 398 2248 Miror
411 2177 543 2273 quidem
565 2177 771 2248 Aristotelem
789 2201 857 2249 non
871 2179 973 2248 modo
985 2179 1165 2250 credidisse
1184 2202 1196 2237 1

101 2289 253 2382 praescita
261 2288 338 2355 vitae
351 2309 421 2354 esse
437 2284 545 2378 aliqua
561 2287 595 2354 in
612 2287 809 2380 corporibus
823 2288 917 2380 ipsis,
934 2310 1051 2355 verum
1067 2288 1165 2356 etiam
1256 2335 1259 2340 -

13 2403 14 2430 l
101 2393 293 2487 prodidisse.
315 2392 400 2479 Quae
415 2413 602 2484 quanquam
621 2413 708 2459 uana
725 2393 895 2480 existimo,
914 2415 977 2461 nec
996 2394 1065 2462 sine
1085 2417 1166 2461 cun·

13 2485 14 2508 ἶ
101 2500 245 2570 ctatione
267 2497 481 2592 proferenda,
505 2521 547 2564 ne
569 2499 602 2566 in
628 2520 663 2565 se
687 2499 826 2593 quisque
852 2512 887 2566 et
908 2500 1047 2592 auguria
1070 2498 1167 2567 anxie

101 2620 228 2700 quaerat
250 2630 257 2672 :
282 2605 442 2699 attingam
457 2617 587 2689 tamen,
601 2627 674 2696 quae
688 2616 799 2672 tantus
817 2605 870 2671 vir
886 2605 921 2670 in
934 2602 1085 2673 doctrina
1098 2626 1167 2673 non

13 2745 15 2754 ·
102 2712 235 2806 sprevit.
251 2711 358 2804 Igitur
372 2711 447 2778 vitae
464 2708 590 2777 brevis'
611 2709 705 2802 signa
718 2711 814 2804 ponit
827 2733 920 2777 raros
932 2708 1064 2794 dentes,
1082 2735 1166 2804 prte-
1272 2737 1275 2743 ’

13 2883 14 2916 3
102 2816 368 2912 longosdigitos,
388 2813 580 2910 plumbeum
603 2814 769 2901 colorem,
796 2813 974 2912 pluresque
1001 2817 1036 2882 in
1065 2839 1166 2885 manu

102 2925 351 3008 incisuras‚nec
370 2936 556 3017 perpetuas.
574 2922 700 2990 Contra
717 2920 825 3015 longae
839 2945 909 2992 esse
921 2921 996 2991 vitae
1010 2922 1165 2992 incurvos
1188 2953 1201 2986 2

101 3030 267 3112 humeris,
286 3043 319 3097 et
334 3030 367 3097 in
380 3051 481 3096 manu
497 3051 563 3096 una
574 3026 656 3096 duas
673 3026 853 3098 iueisuras²
867 3027 983 3121 longas
996 3027 1166 3113 habentes,

14 3203 15 3206 ¹
101 3234 128 3281 9,
139 3229 198 3284 pag.
213 3212 275 3283 736.
290 3211 611 3265 Hssn.-Semt0...d0-
654 3231 748 3267 sono.»
762 3217 875 3266 Acusrice
886 3211 1016 3266 hodierna
1031 3214 1166 3284 approbat,

101 3295 137 3344 liis
146 3294 267 3344 inanibus.
276 3291 493 3345 Obesi-vaserunt
502 3307 611 3362 quoque
655 3303 680 3345 et
690 3311 746 3364 quo
759 3291 786 3345 id
796 3292 876 3346 modo
889 3293 944 3355 flat,
956 3293 1087 3364 explanat.
1100 3296 1147 3346 Ar.

100 3370 209 3425 musica
219 3369 449 3424 sonosmiuuiuon
458 3383 553 3440 parum
564 3385 613 3438 per
691 3371 733 3434 34.
747 3375 916 3438 Insequaliuss.
926 3370 1064 3441 Asperitas.
1077 3371 1165 3425 Hanc.

13 3467 14 3474 ¹
102 3451 191 3503 lintea.
212 3448 278 3501 Vid.
297 3447 361 3500 Eue.
382 3447 441 3510 IV,
467 3458 531 3498 tom.
553 3446 612 3512 111,
693 3450 734 3503 35.
761 3455 829 3501 Inter
846 3454 910 3518 ipsos
931 3467 1034 3517 quoque.
1059 3449 1166 3504 Tullius

102 3531 150 3581 lib.
162 3529 237 3590 vn,
254 3546 313 3598 ²7²·
331 3528 373 3579 Αι.
658 3528 789 3593 conciuit,
812 3528 858 3600 qul
876 3526 910 3580 de
929 3525 1034 3581 Invent.
1057 3527 1104 3580 Ilb.
1129 3531 1163 3582 1:

13 3627 14 3632 ¹
137 3605 180 3660 33.
200 3611 279 3660 stertit
290 3610 405 3659 eadem...
420 3605 506 3672 spatio.
519 3605 614 3658 Fertur
657 3607 846 3667 «herlerum,
856 3606 950 3678 inquit,
959 3606 1026 3658 mibi
1036 3607 1164 3679 quiddam

13 3691 14 3694 ’
101 3684 614 3760 voxsc.abunocspiteudslterumloci,
656 3685 761 3740 videtur
776 3686 888 3759 adeptus
904 3686 940 3747 is,
954 3686 1000 3757 qui
1013 3705 1066 3758 qua
1076 3705 1105 3739 re
1117 3687 1165 3738 bo·

13 3779 14 3794 ¹
101 3768 145 3819 vel
155 3766 277 3837 parietis,
291 3766 333 3820 vel
348 3764 427 3818 trabis
439 3774 526 3834 caput.
536 3763 613 3816 Simi·
656 3763 741 3818 mines
751 3765 839 3818 bestiis
849 3776 986 3836 prestent,
998 3781 1027 3817 sa
1038 3765 1067 3818 iu
1075 3784 1105 3818 re
1116 3766 1164 3820 bo·

101 3847 161 3900 liter
171 3846 274 3899 Iocutus
284 3845 367 3905 idem,
381 3843 427 3897 lib.
440 3843 513 3908 XVI,
524 3859 546 3894 o.
559 3841 610 3912 73:
656 3844 772 3897 minibus
784 3844 849 3916 ipsis
862 3841 1023 3896 antecellat-
1036 3844 1127 3897 }Issn.
1178 3863 1181 3866 ⁴

13 3935 14 3938 ’
102 3924 190 3978 υῙᾶοο
208 3925 238 3978 lit
256 3938 285 3978 ut
303 3943 367 3977 aure
382 3922 416 3975 ad
429 3933 509 3994 caput
530 3921 611 3975 trabis
690 3923 786 3975 CXIV.
800 3941 824 3975 1.
836 3924 914 3990 Igitrar
921 3923 983 3973 uitae
990 3924 1075 3973 trevis.
1084 3923 1163 3975 Arist

13 4003 14 4034 ³
101 4005 248 4075 quamlibet
260 4003 399 4076 prolonga
413 4001 534 4067 admota,
544 4001 612 4055 ictus
657 4001 721 4054 Ilist.
733 4001 960 4066 Anim.lib.11,o.
975 4015 1016 4065 tr,
1024 4018 1052 4071 p.
1063 4001 1119 4069 ¹9³·
1130 4003 1162 4054 II.

13 4107 14 4114 ¹
104 4083 138 4136 ab
153 4084 236 4138 altero
248 4083 337 4154 capite
349 4084 390 4137 vel
401 4081 506 4155 graphii
519 4082 613 4135 sentia·
694 4099 717 4132 a.
732 4084 802 4132 Duas
820 4082 949 4131 inuisum.
966 4078 1071 4131 Arlstot.
1093 4079 1162 4134 lllst.

105 4179 167 4228 tur,
195 4174 351 4235 penem-aute
377 4163 456 4215 rectis
483 4161 612 4214 meatibus
657 4157 743 4212 Anim.
756 4159 803 4212 lib.
819 4159 847 4220 1,
861 4174 919 4229 cap.
932 4163 973 4222 ts,
984 4172 1045 4230 pag.
1060 4157 1117 4212 rod.
1130 4158 1164 4215 ll,

997 4263 1060 4336 38²
1114 4269 1117 4275 ’
