3200 5159
530 473 690 541 LIBER
723 472 788 539 lx.
1173 470 1195 541 3

127 600 183 669 illic
197 614 301 669 ruunt
317 587 513 686 turbiues⁶,
534 617 614 671 tune
628 602 766 685 imbres,
782 616 864 670 tune
884 601 1020 694 dejectu
1033 603 1195 676 montium

125 708 202 801 jugis
219 706 376 802 procellae
391 708 435 777 ab
462 709 530 778 imo
548 723 683 779 vertunt
703 709 825 794 maria,
843 706 1054 803 pulsatasque
1068 732 1108 777 ex
1123 734 1196 803 pro

127 812 222 882 lundo
240 812 370 883 belluas
390 840 470 884 cum
492 815 645 884 fluctibus
664 815 805 885 volvunt
822 840 830 881 τ
845 829 877 883 et
891 814 970 883 alias
985 829 1078 884 tanta
1096 815 1196 910 thyn-

126 946 239 989 norum
263 919 502 1005 multitudine,
522 936 560 991 ut
574 923 689 1015 Magni
703 920 882 991 Alexandri
897 920 1009 991 classis
1024 920 1115 990 baud
1132 921 1196 991 alio

127 1026 241 1114 modo,
261 1052 365 1123 quam
387 1028 535 1099 bostium
557 1030 626 1097 acie
647 1028 745 1097 obvia
766 1030 970 1097 eontrarium
992 1051 1112 1123 agmen
1138 1028 1196 1098 ad·

128 1159 217 1203 versa
245 1134 359 1205 fronte
374 1134 532 1205 direxerit
549 1163 557 1204 :
576 1134 671 1203 aliter
693 1135 835 1229 sparsis⁷
857 1160 926 1203 non
949 1149 1022 1203 erat
1034 1135 1195 1205 evadere:

126 1265 189 1309 non
209 1266 310 1325 voce,
332 1266 402 1312 non
422 1244 557 1326 sonitu,
586 1266 654 1309 non
678 1242 762 1328 iotu,
781 1240 839 1310 sed
861 1240 994 1336 fragore
1010 1255 1197 1331 terrentur,

127 1372 184 1416 nec
205 1349 268 1417 nisi
291 1350 387 1417 ruina
407 1349 594 1416 turbantur.
615 1347 746 1417 Gadara
763 1345 948 1443 appellatur
970 1347 1077 1416 Rubri
1096 1350 1197 1417 maris
1216 1359 1231 1410 3
1340 1421 1342 1428 Ι

127 1441 324 1546 peninsula⁸
346 1457 473 1550 ingens.
498 1454 604 1547 Hujus
625 1453 759 1549 objectu
792 1467 904 1522 vastus
924 1452 1069 1522 efficitur
1091 1456 1197 1541 sinus,

127 1560 301 1630 duodecim
333 1561 463 1630 dierum
483 1575 517 1629 et
536 1562 684 1629 noctium
707 1561 845 1653 remigio
870 1562 1062 1655 enavigatus
1088 1559 1198 1630 Ptole·

129 1692 209 1737 rnaeo
228 1666 339 1762 regi⁹,
359 1667 494 1763 quando
513 1665 633 1737 nullius
652 1692 740 1737 aurae
765 1669 890 1761 recepit
909 1666 1069 1735 afflatum.
1091 1668 1199 1761 Hujus
1218 1684 1233 1741 i

128 1772 188 1842 loci
206 1777 320 1869 quiete
338 1777 505 1869 praecipua
523 1773 566 1842 ad
586 1773 789 1843 immobilem
805 1774 1064 1869 magnitudinem
1083 1772 1200 1843 belluae
1294 1830 1298 1839 .

129 1879 332 1950 adolescsmt.
369 1880 550 1962 Gedrosos,
586 1880 642 1974 qui
678 1880 781 1950 Arbin
795 1876 820 1904 ¹⁰
853 1904 985 1949 amnem
1020 1877 1200 1966 accolunt,

130 1986 305 2057 Alexandri
325 1988 442 2083 Magni
460 1984 612 2057 classium
632 1986 778 2082 praefecti
790 1986 812 2011 ¹¹
835 1985 1031 2081 prodidere,
1049 1987 1083 2053 in
1099 1984 1200 2055 domi·

131 2094 188 2163 bus
206 2092 295 2163 fores
316 2092 458 2163 maxillis
478 2093 663 2163 belluarum
685 2092 810 2178 facere,
827 2090 955 2163 ossibus
974 2104 1063 2162 tecta
1077 2090 1100 2115 '³
1120 2114 1199 2162 con·

132 2202 270 2296 tignare,
291 2226 334 2270 ex
358 2200 478 2295 quibus
498 2199 602 2269 multa
622 2198 863 2294 quadrigenum
882 2200 1071 2269 cubitorum
1095 2196 1199 2295 longi·

132 2308 248 2377 tudinis
271 2322 415 2403 reperta.
442 2308 575 2375 Exeunt
599 2322 633 2375 et
650 2308 763 2402 pecori
789 2304 910 2376 similes
935 2290 1083 2375 belluoe¹³
1103 2306 1148 2374 ibi
1166 2308 1201 2374 in

132 2500 352 2551 inrernmneturn
361 2496 640 2551 nihirmencovm.
685 2496 736 2549 sios
750 2494 778 2548 id
790 2493 825 2548 de
840 2495 891 2549 illis
905 2512 1032 2549 nemanse-
1044 2497 1147 2551 Daue.
1166 2526 1200 2535 -

165 2582 189 2631 6.
200 2584 266 2630 iisne
277 2580 317 2629 ari
323 2591 397 2629 mant
405 2579 522 2629 melina.
530 2571 599 2627 Nam
611 2594 642 2629 en
688 2582 735 2647 Qui
746 2580 830 2629 Arbis.
844 2576 906 2630 Sive
916 2575 1064 2647 Cophetern
1074 2616 1082 2642 ,
1091 2587 1120 2627 ut
1132 2573 1200 2629 dixi-

133 2678 188 2729 pars
205 2659 269 2711 enni
284 2658 337 2709 illis
351 2656 439 2709 biems
458 2667 510 2715 est,
524 2672 596 2721 uon,
612 2668 642 2709 ut
686 2672 745 2710 mus
760 2656 806 2708 lib.
816 2656 872 2720 vl,
889 2672 945 2725 cap.
961 2656 1004 2709 as.
1016 2656 1107 2708 Hann-

132 2740 202 2792 nobis
219 2739 325 2810 frigoris
339 2738 494 2809 asperitate,
513 2735 559 2789 sed
577 2734 641 2789 assi-
724 2752 763 2789 ιι.
774 2736 894 2804 Praefiesi.
904 2734 934 2785 ln
946 2734 1039 2806 primis
1047 2732 1198 2798 Nearchus,

132 2820 189 2875 duis
200 2820 348 2881 imbribus,
358 2816 643 2887 tonitruis,tempesta·
685 2814 787 2887 dequo
803 2815 831 2866 iu
849 2816 995 2866 ductorum
1006 2813 1114 2887 Syllabo
1130 2812 1199 2866 dixi·

131 2899 336 2965 tibus‚uimb'u‚
350 2896 482 2971 procellis.
496 2897 594 2948 Diuo.
685 2910 754 2947 mus.
774 2894 854 2946 lione
873 2892 973 2965 pariter
989 2890 1089 2956 secuti,
1103 2892 1198 2947 Strabo

163 2998 187 3051 7.
206 2984 285 3033 Alius
307 2981 405 3047 sparsis.
421 2974 527 3046 Alioqui
542 2990 641 3046 sparse
685 2973 732 3027 lib.
747 2974 999 3045 XV,pug.716·,et
1013 2973 1155 3035 Arrianus,
1169 2972 1197 3023 in

130 3080 206 3117 neres
223 3079 277 3115 nou
301 3058 451 3132 potuissent
470 3053 590 3108 eredere·
612 3051 640 3104 Si
684 3052 802 3119 Iudicis,
817 3072 876 3125 psg.
890 3052 940 3121 567
954 3061 979 3104 et
995 3052 1054 3104 568.
1068 3050 1160 3104 Henn.

131 3162 224 3217 sperne
236 3158 319 3193 usses
330 3138 458 3198 inissent,
471 3149 498 3189 et
507 3153 524 3187 s
533 3152 561 3187 se
572 3131 639 3187 invi·
723 3150 761 3187 ιι.
777 3135 876 3185 Ossibus
887 3146 960 3183 tecta.
972 3130 1135 3183 balenarum
1151 3147 1196 3183 eo·

130 3244 184 3277 oern
196 3221 357 3294 disjuncte,
375 3216 425 3270 uisi
436 3232 531 3287 agmen
546 3213 639 3285 stipes·
683 3214 743 3279 stis,
761 3230 822 3285 que
842 3221 903 3265 runt
920 3210 1056 3264 interdurn
1072 3209 1196 3262 vicenum

131 3316 198 3368 seut,
225 3320 257 3355 ee
284 3298 374 3353 densis
396 3296 476 3351 simul
499 3292 640 3347 ordinibus
684 3292 776 3345 binum
785 3288 1042 3364 pedum,Crntabri
1052 3286 1196 3360 hodieque,

131 3383 307 3443 imminent,
318 3378 430 3433 luissent
443 3375 494 3429 ille
509 3371 583 3428 haud
594 3372 642 3425 du·
684 3390 752 3445 quos
776 3378 871 3423 Bascos
890 3378 999 3434 ineant,
1023 3367 1115 3420 hortos
1133 3384 1195 3419 suos

129 3466 170 3518 bie
179 3462 294 3517 adverso
305 3458 471 3533 thynnorum
483 3452 639 3509 irruentium
683 3452 797 3525 sepiunt.
811 3451 902 3503 lirun.
917 3478 952 3490 -
965 3454 996 3500 ln
1008 3448 1196 3515 domiusfores

130 3544 229 3617 agmine
241 3543 320 3596 victu
329 3540 475 3594 etobrutss.
489 3534 581 3587 Hun.
682 3528 1196 3598 maxillisbeiiuaramjneere,ossibasssese

169 3626 196 3677 8.
216 3626 361 3675 Musula.
388 3618 420 3671 In
437 3618 520 3670 lutere
538 3612 640 3667 Arabim
683 3614 848 3679 consignare,
861 3617 910 3661 etc.
922 3605 1053 3659 Perfacile
1069 3602 1195 3675 equidem

130 3700 301 3757 meidiousli.
316 3700 409 3753 Ηιιιι.
482 3740 485 3747 ,
684 3680 1197 3754 crediderim3naruinNorregisbodie

159 3786 324 3852 53.me
332 3781 394 3847 regi.
408 3772 591 3844 Philadelpho.
605 3769 639 3822 Η.
683 3770 847 3823 balenarum
866 3764 980 3819 maxillis
999 3762 1084 3816 solent
1106 3761 1147 3813 uti
1168 3759 1196 3812 iu

161 3880 198 3917 ro.
218 3854 463 3913 &aroasianus
477 3852 522 3907 lib.
532 3850 594 3915 XV,
604 3849 639 3903 de
682 3848 784 3903 edibus
805 3843 985 3908 exstruendis,
1010 3859 1059 3911 pru
1077 3838 1198 3894 trabibus

127 3938 336 4014 lebtbyopbegis
355 3936 428 3988 iuter
448 3933 594 3987 Germanum
613 3942 640 3983 et
684 3928 864 4001 postibusque.
873 3922 994 3978 Curru.
1055 3912 1061 3930 ¹
1105 3973 1108 3979 ,

126 4021 205 4075 Oritas
216 4020 274 4073 sitis
282 4017 315 4071 id
325 4012 425 4078 trudit,
434 4030 489 4067 nou
498 4010 532 4065 de
540 4008 640 4063 Aratis.
722 4006 762 4059 nd·
771 4008 874 4057 laeuus
883 4018 907 4054 et
913 4002 999 4071 ροοονί
1004 4000 1096 4051 similes
1104 4002 1198 4050 uiisae.

125 4101 272 4157 Verisimile
282 4104 325 4151 est
333 4088 641 4149 antsmvieinnsGedro·
685 4083 849 4139 Onesicritus
867 4079 940 4154 apud
959 4078 1045 4134 Surb
1065 4078 1111 4130 lib.
1131 4076 1199 4139 XV,

1004 4184 1042 4256 ΙΙ
