3200 5159
553 536 708 605 LIBER
734 536 803 603 lx.

1080 540 1208 613 -s3

136 666 207 737 tuli.
220 664 425 763 decipiuut¹⁰
434 680 545 737 tumen
560 664 786 764 disciplinam,
799 689 947 762 voceque
961 672 1085 764 pariter
1093 686 1126 740 et
1135 674 1208 743 visu

135 772 298 869 populum
318 773 659 844 salutant:incondito
674 771 846 857 fremitu¹¹,
858 777 993 843 nomine
1007 779 1135 862 vocati,
1151 805 1207 849 re-

136 880 310 975 spondent.
318 879 456 949 Nullum
464 876 1072 975 animal¹²gravioresomnopremitur.
1080 886 1207 975 Pinnis,
1227 918 1241 952 2

135 987 255 1081 quibus
266 987 302 1055 in
314 989 400 1055 mari
415 1002 569 1073 utuntur,
589 986 683 1055 humi
696 1010 828 1082 quoque
839 988 911 1056 vice
921 988 1043 1081 pedum
1057 1007 1206 1085 serpunt.

134 1091 240 1162 Pelles
248 1111 364 1163 eorum
374 1079 411 1179 ¹³,
426 1096 523 1162 etiarn
543 1093 707 1163 detractas
721 1094 872 1188 corpori,
891 1117 1022 1162 sensum
1035 1120 1204 1189 aequorum

136 1202 276 1269 retinere
284 1200 437 1287 tradunt,
455 1220 648 1294 semperque
664 1212 745 1269 estu
755 1200 856 1268 maris
872 1200 1045 1270 recedente
1055 1204 1205 1274 inhorre-

135 1370 205 1427 iaam
215 1372 336 1434 codices,
351 1386 407 1426 tum
418 1372 554 1435 editi,tum
565 1391 647 1425 manu

691 1379 808 1457 gendum
820 1378 948 1447 arbitror,
956 1384 1062 1450 sucique
1069 1400 1170 1451 parent,
1179 1404 1206 1441 et

137 1451 233 1525 scripti,
240 1454 277 1504 ita
286 1454 445 1525 praeferunt,
454 1452 492 1504 uti
502 1450 644 1505 edidimus:
685 1462 753 1529 jussi
759 1464 875 1528 populum
890 1466 1008 1512 salutant.
1022 1461 1072 1535 Vel
1085 1464 1138 1528 sic,
1152 1487 1201 1519 vo.

135 1532 189 1601 ipse
205 1536 231 1582 in
242 1552 331 1583 somno
343 1527 469 1603 reposuit,
482 1536 575 1585 eontra
589 1531 646 1584 Ari·

137 1610 265 1673 stotelem,
281 1610 329 1664 lib.
346 1610 393 1673 vl,
402 1630 458 1682 esp.
476 1628 518 1677 11,
531 1632 556 1679 p.
569 1612 620 1681 687
634 1630 641 1664 :

137 1683 217 1759 deinoi
228 1688 258 1742 di
271 1693 355 1761 ὁμοίαν
366 1692 442 1761 φωνὴν
457 1688 507 1757 βοΐ,
519 1710 577 1762 quae
585 1710 646 1743 ver-

136 1768 165 1821 ba
184 1771 221 1823 sic
243 1769 367 1823 Albertus
389 1770 476 1823 verius
494 1787 574 1840 quam
591 1766 644 1821 ele-

135 1850 238 1922 gantius
249 1848 399 1913 transtulit,
417 1846 451 1900 de
465 1847 577 1901 Animal.
594 1848 642 1903 lib.

135 1928 186 1993 VI,
202 1946 230 1999 p.
243 1946 304 1993 ooo,
318 1927 364 1979 ubi
375 1926 410 1979 de
424 1927 505 1979 ritulo
522 1928 642 1981 marino:

135 2032 145 2053 ι
159 2009 220 2059 Vox
238 2020 328 2058 antem
339 2024 388 2059 sua
405 2018 444 2059 est
457 2006 524 2060 sieut
539 2008 615 2061 tauri.
630 2032 642 2055 ι

134 2094 221 2141 lisso.
232 2091 305 2138 Unde
317 2106 416 2138 nometi.
428 2086 512 2157 Cujus
525 2086 643 2139 nominis

131 2170 258 2221 rationem
278 2178 427 2238 sequuntur
447 2165 535 2219 adhuc
553 2178 643 2238 gentes

132 2248 262 2321 plurima.
282 2246 351 2298 Nam
364 2244 445 2299 Gallis
459 2264 566 2317 quoque
579 2245 643 2299 dici·

133 2334 190 2395 tur,
199 2347 266 2379 vesu
276 2330 309 2378 ds
324 2346 382 2379 mer.
397 2326 488 2379 Hrso.

170 2426 209 2459 ro.
234 2409 373 2475 Accipiunt.
386 2399 522 2468 AElisnus,
542 2402 640 2459 Hister.

132 2486 215 2539 Anim.
224 2486 273 2538 lib.
285 2484 389 2548 x11‚c.
405 2488 447 2545 56,
460 2504 493 2537 ex
504 2484 641 2551 Eudemo;

130 2565 275 2630 Diodorus,
290 2564 357 2617 Bibl.
373 2565 419 2617 lib.
431 2565 487 2626 111,
500 2584 560 2636 pag.
580 2564 638 2619 155.

130 2636 217 2699 Refert
234 2657 261 2699 et
280 2645 323 2697 Fr.
334 2646 427 2697 Loraz
438 2661 474 2695 oa
491 2644 607 2698 ῦοωι
625 2661 640 2698 e

129 2726 320 2780 recentioribus
328 2724 480 2777 auctoribus
489 2743 577 2777 rerum
585 2724 640 2778 Me·

129 2807 297 2867 sirenarum,
319 2803 432 2856 vitulum
447 2804 579 2856 marinum
593 2803 655 2857 Iu·'

127 2884 230 2947 dicum,
240 2902 321 2957 quem
342 2876 440 2935 Munati
451 2882 531 2936 maris
543 2884 639 2938 accole

126 2964 414 3037 nuncupant,cicurem
424 2963 522 3017 factum
531 3003 538 3027 ,
547 2962 580 3015 sd
590 2968 639 3017 iro·

127 3062 186 3098 men
199 3056 326 3099 vocatum
342 3040 520 3119 respondere:
543 3062 574 3095 ao
592 3042 638 3096 de-

691 1543 740 1589 caa'
747 1554 845 1608 parent,
860 1554 884 1591 et
889 1543 965 1609 jussi,
974 1553 1025 1594 etc.
1040 1540 1108 1595 Nous
1123 1539 1202 1599 Tole-

690 1628 781 1669 tanum
805 1614 983 1689 Apographon
1001 1623 1075 1688 jussu
1104 1622 1202 1689 habet,
1226 1685 1228 1688 Ι

689 1714 742 1749 nou
749 1700 816 1749 visu.
828 1696 905 1750 Pras.

728 1793 768 1829 12.
796 1778 896 1827 Nullum
921 1781 1024 1831 animal.
1049 1780 1199 1851 Oppianus,

689 1853 802 1907 Halieut.
811 1851 856 1907 tib.
868 1848 892 1918 Ι,
906 1875 972 1910 vers.
981 1858 1043 1921 408.
1054 1848 1123 1911 Hinc
1133 1860 1201 1914 iilud

687 1934 704 1986 J
707 1933 837 1998 uvenatis,
857 1934 951 2008 Satyra
970 1938 1031 1999 ΙΙΙ,
1046 1957 1114 1991 vers.
1127 1931 1200 1994 ²38:

687 2008 832 2084 «Eripiunt
843 2032 966 2066 somnum
978 2014 1064 2069 Druso
1076 2054 1084 2079 ‚
1096 2018 1200 2072 vitulis-

687 2110 739 2164 que
753 2092 869 2145 marinis.
877 2118 889 2137 n
900 2093 987 2147 Haeo.

726 2170 767 2225 13.
787 2176 863 2223 Pelles
880 2192 972 2225 eonem.
992 2174 1153 2230 observasse
1171 2196 1200 2231 se

686 2244 823 2305 Rondelet.
832 2253 979 2322 profitetur,
991 2254 1037 2305 lib.
1049 2254 1129 2318 xv1,
1141 2276 1165 2309 c.
1173 2261 1198 2321 6,

685 2328 766 2401 idque
790 2325 990 2403 sepenumero,
1007 2333 1079 2385 corio
1102 2336 1199 2389 vitulo-

684 2428 754 2469 rum.
767 2408 836 2462 aeris
846 2421 1023 2463 acrentorum
1036 2415 1198 2471 mutationes

684 2488 883 2561 praesignificari
895 2508 902 2544 :
913 2492 1035 2564 austrinis
1046 2494 1117 2545 euim
1127 2496 1197 2565 pilos

684 2567 882 2637 inhorrescere,
897 2586 929 2621 ac
947 2569 1042 2643 surrigi
1057 2590 1064 2624 :
1080 2572 1195 2628 boreali·

684 2644 775 2699 busita
787 2637 908 2700 desidere
918 2685 926 2712 ,
936 2660 966 2723 pt
974 2648 1062 2702 nullos
1074 2670 1130 2705 esse
1140 2671 1196 2706 om·

683 2725 860 2779 niuocradas.
874 2726 962 2780 Hsan.
981 2758 1012 2766 —
1035 2734 1087 2781 Piio
1107 2751 1196 2785 caren-
1299 2789 1304 2800 ,

683 2806 743 2855 dum
768 2808 817 2857 duo
839 2809 939 2857 omnino
968 2810 1065 2860 anirnal
1076 2812 1193 2877 pan'urrt,

682 2887 810 2952 delphinus
837 2904 870 2937 ao
896 2888 991 2953 vipera.
1016 2879 1194 2945 'scribendum

681 2976 769 3035 puto,
795 2967 847 3018 Pila
874 2969 1008 3018 carentium
1034 2987 1085 3019 non
1109 2973 1193 3023 omnia

681 3046 778 3096 animai
791 3047 908 3111 parium,
926 3060 953 3095 ut
965 3049 1093 3115 delphinus
1107 3069 1140 3099 ac
1150 3053 1191 3100 vi-

126 3140 173 3176 nos
183 3122 264 3177 dorso
277 3120 400 3177 homines
410 3122 545 3193 gestiture,
553 3140 637 3193 quum
676 3142 757 3191 perat,¹
775 3124 818 3176 vel
839 3124 891 3189 sic,
914 3127 965 3177 Pilo
984 3130 1117 3178 cananum
1139 3149 1190 3181 noa

125 3202 157 3254 sit
169 3204 248 3255 molis
260 3202 371 3255 eximie.
383 3202 476 3253 Visum
495 3218 511 3254 u
531 3220 558 3253 se
575 3202 637 3256 slte-

126 3301 183 3335 rum
196 3283 325 3336 Bouonire
336 3276 521 3334 Atdrovandus
532 3279 579 3345 ait,
589 3282 635 3354 qui

680 3206 772 3255 omnia.
786 3206 889 3255 Animal
899 3208 1002 3271 perirent
1018 3208 1145 3272 delphinus
1159 3226 1191 3259 ac

680 3285 773 3350 ur'pera.
787 3280 888 3335 Pendet
902 3284 972 3335 euim
987 3302 1080 3336 sensus
1093 3286 1128 3337 ab
1138 3286 1189 3339 ini-

126 3380 215 3414 rocem
228 3380 279 3433 pro
298 3359 455 3413 Christianis
472 3358 634 3431 principibus
678 3360 716 3412 tio
735 3359 826 3430 capitis
852 3355 955 3429 prioris.
979 3358 1036 3414 lllic
1060 3361 1187 3418 dixerat:

124 3460 228 3517 rogatus
245 3444 355 3498 ederet:
369 3462 417 3514 pro
430 3432 541 3506 Tuscis,
553 3458 633 3515 nega·

681 3440 769 3505 nQuae
783 3440 838 3512 pilo
855 3442 1003 3494 vestiuntur
1022 3440 1119 3495 animat
1138 3462 1187 3517 pa·

125 3538 182 3579 ret:
203 3541 279 3579 tomo
298 3523 333 3577 de
347 3522 483 3587 Piscibus,
498 3520 531 3574 de
545 3520 632 3585 Getis,
677 3518 763 3583 riuus,
776 3526 806 3571 ut
822 3520 926 3589 pistris,
941 3532 991 3573 etc.
1001 3546 1013 3565 n
1023 3518 1068 3572 hic
1085 3523 1187 3583 subdit,

124 3598 166 3657 iib.
178 3612 208 3667 1,
221 3624 281 3677 pag.
297 3602 366 3673 725:
380 3620 434 3674 quo
443 3618 539 3673 nempe
552 3594 634 3653 modo
676 3604 727 3653 PiIo
740 3603 873 3652 canusium
885 3619 934 3651 non
944 3602 1028 3651 omnia
1042 3604 1187 3671 animalpa·

124 3698 146 3735 et
159 3683 284 3739 allatrare
301 3701 396 3743 eones,
416 3693 441 3733 et
461 3681 550 3735 simias
567 3680 632 3733 orri-
676 3684 752 3745 riunt,
774 3682 901 3747 debhinas
922 3700 970 3743 aa,
988 3691 1037 3732 etc.
1053 3680 1129 3734 Purr.
1149 3713 1186 3721 -

122 3762 181 3816 dere
193 3782 225 3815 ac
234 3762 384 3816 subsaltare
398 3759 432 3814 ad
446 3756 568 3832 quadam
582 3778 631 3811 no·
675 3765 726 3815 Pila
738 3762 871 3811 camanum
885 3762 933 3809 duo
946 3762 1054 3821 siunins,
1070 3770 1119 3815 eto.
1129 3760 1186 3814 Fat-

121 3843 189 3895 miua
208 3842 338 3913 cogimus.
350 3840 441 3895 Hsao.
456 3870 491 3881 -
504 3844 633 3909 Accipiunt
674 3859 731 3893 sum
755 3839 807 3891 hoc
825 3856 882 3891 esse
896 3850 1026 3891 monstrat
1044 3839 1183 3893 Roodelet.

120 3936 197 3974 rameri
229 3924 398 3989 disciplinam.
429 3920 476 3977 Τὴν
504 3920 630 3993 ἀναγωγὴν
674 3918 742 3971 Hist.
758 3917 948 3981 Piscium,lib.
969 3917 1125 3990 XV1,cap.
1142 3938 1183 3971 rr.

119 3998 238 4069 δέχονται.
252 4003 361 4053 Dauo.

153 4099 191 4135 ιι.
209 4088 329 4149 Voceqas
336 4080 431 4149 pariter
445 4094 467 4131 et
483 4082 539 4131 visu
551 4099 631 4147 popri-

115 4166 160 4211 Iam
172 4166 301 4220 salutant,
321 4163 447 4211 incondito
459 4161 571 4228 fremitu.
581 4160 630 4211 Le-

194 4272 264 4338 IV.

675 3998 774 4051 Danao.
787 4029 820 4039 —
830 3997 969 4050 Distinctio
979 3996 1025 4050 hic
1035 3998 1184 4051 inchoanda

676 4090 725 4143 σοι,
744 4096 794 4151 qna
810 4076 992 4130 intercedente
1001 4097 1055 4129 non
1070 4076 1185 4129 absurde

676 4158 771 4211 Noster
796 4156 933 4228 scripsisse
959 4159 1013 4227 jam
1041 4153 1183 4207 videbitur.

1056 4262 1077 4333 3
