3200 5159
582 520 743 590 einen
776 521 841 590 xi.
1168 523 1245 622 495

178 661 421 730 munimentum
431 672 548 728 contra
562 659 771 728 occursantia
784 655 953 744 animalia,
962 672 1021 728 ant
1030 657 1093 728 alia
1106 660 1247 734 fortuitu

179 767 367 836 incidentia.
395 765 553 836 Delluere
577 751 651 835 eas⁵
677 765 767 835 haud
793 766 959 834 immerito
985 768 1116 836 Venere
1140 769 1245 850 abun·

177 871 333 942 dantibus
353 871 498 942 tradunt.
526 875 577 940 Ex
601 855 746 942 caeteris⁶
771 867 853 940 nulli
874 885 969 960 aunt,
991 874 1055 942 nisi
1074 875 1193 970 quibus
1211 893 1246 947 et

178 979 213 1046 in
232 977 359 1074 reliquo
378 1003 518 1073 corpore
534 976 601 1073 pili.
625 976 691 1047 Sed
710 976 1001 1072 quadrupedibus⁷
1022 981 1057 1048 in
1074 984 1246 1077 superiore

179 1099 307 1154 tantum
335 1108 433 1180 gena,
459 1083 651 1154 volucribus
673 1085 707 1152 in
727 1082 911 1153 inferiore:
938 1098 973 1154 et
997 1083 1118 1179 quihus
1144 1088 1243 1161 molle

177 1205 291 1285 tergus
301 1246 311 1279 ‚
321 1205 360 1261 ut
373 1192 581 1286 serpentibus
592 1215 600 1259 :
612 1206 647 1260 et
656 1188 909 1285 quadrupedum
921 1215 995 1285 quae
1010 1215 1074 1262 ova
1092 1197 1243 1288 pariunt,

178 1311 216 1365 ut
225 1295 362 1369 lacertae.
374 1283 691 1370 Stmthiocamelus⁸
706 1294 822 1366 alitum
832 1295 921 1386 sola,
946 1312 983 1368 ut
997 1299 1117 1386 homo,
1131 1304 1244 1371 utrim-

175 1428 243 1496 que
256 1401 430 1500 palpebras
443 1402 553 1474 habet.

231 1513 339 1581 LVII.
360 1513 433 1580 Nec
447 1535 538 1604 genae
560 1507 693 1604 quidem
710 1508 866 1579 omnibus
893 1533 901 1577 ε
922 1509 998 1580 ideo
1015 1537 1123 1606 neque
1139 1515 1241 1583 nicta·
1262 1543 1275 1580 ι

176 1619 284 1688 tiones
305 1618 366 1706 iis,
395 1641 468 1713 quae
489 1614 609 1686 animal
627 1613 819 1711 generant¹.
838 1617 1017 1688 Graviores
1036 1617 1170 1688 alitnm'
1188 1621 1242 1689 in·

177 1825 689 1909 PalpebraeporroPlininrquumgenaa
731 1849 766 1902 pe
779 1833 967 1892 intromiseris,
983 1835 1065 1890 morlo
1086 1850 1144 1891 oete
1169 1856 1243 1893 amo.

177 1929 269 1980 vocat,
283 1916 405 1988 requitur
420 1927 553 1968 vetustum
568 1933 687 1980 morem,
731 1927 812 1977 veae,
829 1912 889 1965 cilia
901 1932 910 1968 t
923 1913 1007 1968 immo
1025 1917 1115 1970 avium
1134 1919 1243 1989 quibua·

176 1999 252 2068 cujus
279 1997 373 2049 Festus
398 1994 545 2047 meminit:
573 2021 584 2043 ι
600 1993 688 2046 Genua
731 1988 793 2041 dam
818 1991 951 2065 palpebrae
975 2014 1083 2067 quoqne
1112 1998 1180 2051 ciliis
1199 1999 1243 2052 in·

177 2072 689 2148 Enniuspalpebraeputat‚qunmdieit
731 2079 838 2122 structo
847 2108 855 2135 ‚
877 2090 944 2142 quae
961 2075 1056 2129 melina
1067 2075 1170 2148 plumae
1182 2078 1243 2132 bar·

176 2157 229 2209 boc
243 2173 338 2210 versu:
354 2153 464 2206 Pandite
479 2155 550 2207 sulti’
564 2171 642 2225 genas
663 2165 689 2208 et
730 2146 805 2201 batee
818 2151 945 2208 arbitrere
957 2171 1038 2224 quam
1053 2155 1121 2209 eilia.
1133 2157 1180 2210 Aa.

176 2234 259 2288 eorde
266 2234 408 2306 relinquite
416 2251 564 2286 somnum·
575 2232 630 2286 Alii
646 2249 689 2284 eas
773 2229 801 2282 8.
818 2227 1060 2286 Stmtlaiocamelrn...
1080 2237 1142 2288 sola.
1159 2237 1243 2294 Arist.

177 2327 266 2385 parter
274 2327 369 2386 putant
379 2331 459 2384 genas
469 2311 539 2376 diei,
554 2331 614 2384 que
626 2323 689 2365 runt
730 2306 782 2360 loc.
797 2308 842 2361 eit.
854 2309 947 2363 cilium
960 2330 1015 2366 eree
1026 2314 1168 2368 rtrntbioni
1179 2317 1243 2371 reri·

178 2394 229 2448 aab
250 2393 344 2448 oculis.
364 2392 496 2445 Pacuvius
514 2409 594 2464 genae
612 2403 689 2464 putat
730 2386 787 2440 bit:
800 2386 1242 2468 infernetantum‚aneteuperne,

174 2493 249 2536 erae.
268 2491 320 2546 qna
342 2473 424 2527 barba
444 2472 561 2544 primum
584 2471 686 2534 oritur,
730 2482 786 2519 non
806 2468 853 2520 ait.
872 2470 975 2524 Verum
990 2491 1073 2543 quum
1088 2475 1241 2532 volucribus

177 2553 230 2608 hoc
246 2572 326 2607 vernn
345 2572 352 2606 :
368 2552 446 2605 Nune
461 2551 579 2624 primum
595 2561 688 2624 opacat
731 2561 787 2598 eene
801 2547 863 2600 cilia
874 2563 977 2605 constet
991 2552 1020 2604 in
1033 2551 1160 2609 interiore
1173 2574 1242 2626 gena

177 2631 244 2686 llore
256 2633 354 2704 lanugo
368 2650 478 2704 genas.»
497 2632 588 2685 liano.
731 2643 779 2678 seu
800 2627 950 2698 ptlpebra:
972 2633 1150 2687 struthionem
1177 2654 1242 2691 vero

220 2713 247 2768 5,
269 2713 382 2784 Delam
397 2731 447 2765 aas,
467 2711 548 2765 Arist.
573 2727 632 2782 cap.
654 2714 689 2776 ρ,
732 2703 938 2778 quadrupedum
949 2713 1037 2765 velex
1053 2731 1083 2765 ea
1101 2727 1177 2783 parte
1194 2735 1242 2770 na·

176 2793 308 2864 problem.
335 2809 387 2861 19,
407 2810 467 2862 pag.
495 2789 548 2859 705
569 2807 576 2843 ι
596 2784 642 2842 διὰ
662 2789 687 2844 τί
732 2797 820 2838 turam
833 2787 933 2843 referre
945 2788 1019 2844 idem
1032 2789 1127 2847 doceat
1139 2795 1186 2848 lib.
1200 2797 1241 2850 1v

177 2871 241 2934 ὅσοις
256 2871 285 2924 ἂν
307 2867 451 2942 βλεφαρίδας
474 2872 569 2942 pirum,
584 2869 689 2940 λάγνοι;
731 2861 766 2917 de
779 2864 853 2919 Part.
868 2867 959 2924 Anim.
971 2889 1029 2943 cap.
1049 2881 1094 2940 14,
1105 2891 1133 2944 p.
1152 2879 1241 2940 1046,

180 2979 191 3000 ι
200 2953 257 3005 Cur
274 2954 371 3005 salacea
388 2951 417 3005 bi
437 2965 514 3016 sunt,
528 2948 624 3022 quibua
638 2948 688 3020 pili
731 2943 806 3016 quod
820 2958 848 3000 et
862 2949 999 3020 superiore
1015 2962 1090 3022 parte
1103 2953 1243 3026 palpebrae

176 3031 368 3104 palpebrarum
389 3029 534 3085 defluunt?
549 3057 560 3078 ι
583 3029 687 3082 Locum
730 3036 820 3096 gerat,
834 3026 983 3100 βλιφιιρῖδιις
1001 3032 1051 3099 ἔχει
1071 3031 1117 3095 τὰς
1137 3035 1241 3101 ivetae,

177 3109 248 3166 ride.
271 3110 304 3165 ld
323 3111 421 3164 iterum
450 3109 547 3181 repetit
571 3109 618 3161 lib.
646 3108 688 3161 111
732 3103 800 3156 nibil
819 3125 834 3158 a
854 3107 942 3161 Plinio
960 3121 1059 3164 temere
1080 3112 1242 3168 affirmatum

176 3189 246 3244 Ηῑςς,
261 3191 350 3244 anim,
373 3209 433 3263 cap,
457 3209 506 3253 10,
522 3207 549 3260 p.
568 3187 643 3254 348,
659 3206 688 3242 ac
731 3195 858 3239 autumo:
869 3189 1014 3242 ntPinetua
1023 3191 1242 3262 poatPintiannm

177 3271 277 3324 Plinius
292 3271 367 3342 ipre,
391 3289 414 3323 c,
433 3275 479 3338 94.
493 3267 589 3321 Metius
605 3266 688 3321 dixin·
731 3265 842 3318 cenauit.
865 3267 956 3321 Harn.
974 3301 1015 3312 -
1029 3269 1242 3328 Strutlrioeamelas

86 3409 88 3416 y
175 3362 233 3416 aet,
249 3345 294 3402 tre
319 3351 343 3403 τί
368 3348 419 3402 ὅσοι
438 3349 523 3419 tripu
549 3349 687 3418 πιρύιιαιι,
731 3344 1000 3401 decumanam:
1020 3369 1083 3402 nam
1096 3367 1241 3407 notaetrn·

176 3431 271 3491 τούτοις
282 3431 307 3483 οἱ
320 3424 463 3499 βλεφαρίδας
473 3429 568 3499 ῥίουοις
583 3429 627 3481 br.
731 3423 890 3479 thioctmelo
902 3428 1029 3498 palpebra
1043 3433 1157 3502 gemina.
1171 3437 1219 3488 Ar.

217 3510 408 3562 6.Eacoeterir.
423 3506 687 3564 Eooeteriaaniman·
770 3503 858 3557 LVII.
884 3507 988 3561 t.1deo
1003 3507 1078 3583 nepae
1099 3516 1241 3567 nictativnes

176 3589 247 3652 tibus
262 3589 354 3642 cilium
372 3589 470 3642 habent
485 3587 620 3660 palpebris
641 3585 687 3640 ad·
731 3587 776 3648 iis,
791 3604 846 3655 quoe
865 3589 959 3640 aalma!
977 3604 1103 3659 generant.
1126 3592 1165 3647 Ut
1186 3613 1240 3648 ree·

174 3668 476 3741 junctumomnie,quae
483 3667 553 3739 pilos
563 3665 688 3722 obtinent
729 3665 892 3736 pertilionee.
909 3667 1001 3723 Haan.

175 3749 280 3821 reliquo
301 3749 475 3820 incorpore:
492 3742 641 3817 βλιριιρίδος
660 3741 686 3798 δ’
773 3763 798 3798 a.
814 3743 943 3798 Graviores
953 3748 1046 3802 alitum.
1056 3751 1136 3806 Arist.
1152 3753 1199 3806 lib.
1212 3753 1240 3807 11

177 3828 218 3881 tet
236 3836 285 3880 τῶν
302 3830 425 3899 βλιράρωι
445 3830 511 3896 Ιχιι,
530 3828 578 3881 ὅσα
600 3825 685 3896 τρίχας
729 3823 796 3878 ltin.
813 3825 907 3879 Anim.
921 3846 978 3900 oap.
995 3837 1044 3896 15,
1057 3850 1117 3902 pag.
1133 3849 1197 3896 arr,
1213 3845 1241 3887 et

175 3909 236 3976 ἔχει.
250 3908 328 3962 Arist.
343 3909 389 3960 lib.
404 3909 431 3962 II
449 3907 483 3961 (le
502 3907 574 3960 Part.
590 3906 684 3959 Anim-
730 3904 777 3958 lib.
788 3904 818 3956 ΙΙ
831 3903 866 3958 tle
876 3905 976 3962 Partib.
988 3927 1047 3983 cap.
1061 3913 1107 3970 13,
1124 3928 1153 3981 p.
1165 3911 1238 3982 993:

175 4006 235 4057 cap.
252 3994 299 4051 14,
312 4007 371 4059 pag.
390 3995 455 4060 994.
472 3990 561 4041 Hanu.
730 3985 828 4039 Mirum
850 3981 877 4037 δ’
892 3988 913 4040 al
935 3990 1016 4061 βοριῖς
1038 3997 1074 4060 τῷ
1092 3990 1161 4042 κάτω
1184 3993 1241 4057 βλι·

217 4085 245 4136 7.
254 4065 304 4118 Sed
314 4067 512 4140 qrradrapedibus.
520 4065 590 4120 Male
599 4065 686 4120 simiae
729 4067 807 4137 ριὶρρ.
820 4065 854 4118 Id
868 4080 954 4121 tamen
971 4082 997 4122 et
1008 4070 1036 4122 in
1049 4069 1108 4122 aliis
1117 4070 1241 4124 obaemu-

174 4146 273 4216 oacipit
287 4146 450 4203 Harduinua.
460 4147 593 4201 Omnibus
604 4148 685 4218 qnip-
730 4159 796 4200 turn.
812 4147 903 4198 Hann.
