3200 5159
341 528 418 602 286
605 533 645 602 C.
673 531 846 602 PLlNli
874 531 986 602 NAT.
1015 534 1145 602 HIST.

339 666 427 735 cium
450 661 558 750 mulo,
586 660 765 758 multisque
782 660 856 733 aliia
876 664 1001 734 morbis
1021 663 1160 733 humani
1179 663 1328 760 corporis
1346 689 1412 735 me«

339 771 470 841 dentur.
491 768 570 839 Nou
591 769 717 840 faciunt
732 770 785 839 hae
800 769 897 840 nidos
909 769 946 859 ¹²,
955 772 1164 865 migrantque
1173 769 1287 841 multis
1295 768 1411 841 diebus

339 891 442 965 ante,
464 877 490 945 ai
514 875 663 945 futurum
681 889 731 946 eat
752 890 789 945 ut
802 889 921 946 auctus
936 878 1043 947 amnis
1058 879 1209 972 attingat.

308 1010 319 1044 ι
395 986 433 1053 L.
456 985 498 1051 In
522 1005 643 1077 genere
669 981 922 1078 vitiparrarum‘
944 997 1015 1070 est,
1028 984 1081 1052 cui
1100 982 1197 1053 nidue
1221 1008 1263 1052 ex
1290 1008 1407 1053 musco

341 1090 434 1160 arido
460 1088 676 1158 inabsoluta
698 1088 974 1185 perficitur'piia‚
995 1104 1034 1159 ut
1056 1089 1195 1158 inveniri
1217 1113 1287 1159 uon
1306 1091 1411 1184 poenit

341 1194 459 1266 adime.
491 1192 711 1290 Acanthyllia²
725 1193 930 1291 appellatur,
951 1194 1068 1266 eadem
1093 1195 1201 1291 figura
1217 1221 1259 1265 ex
1280 1194 1348 1266 lino
1364 1196 1412 1264 in·

342 1372 433 1426 tuniur
453 1369 591 1437 dicemus,
609 1369 658 1424 lib.
678 1370 771 1435 XXX,
793 1387 853 1442 eap.
893 1382 1021 1432 retuate,
1038 1367 1329 1441 modolaudate,qua
1338 1368 1412 1440 prio·

346 1469 388 1506 re.
401 1451 492 1504 illan.
894 1469 938 1504 rer
953 1449 1026 1505 rocie
1043 1453 1100 1520 ejua
1119 1449 1232 1522 eyilabm
1246 1461 1411 1520 agnoueuut:

384 1547 429 1585 ta.
439 1528 735 1596 Nonfaeiuntliaenides.
746 1527 855 1582 Scilicet
894 1547 987 1601 parra·
1004 1547 1081 1595 aree,
1102 1527 1137 1582 de
1152 1529 1250 1602 quibui
1268 1529 1410 1595 nonum,

341 1624 371 1665 ut
378 1607 580 1676 domesticam
587 1607 855 1676 eiluein-emerium
895 1607 1057 1681 Fertueque,
1078 1610 1157 1664 etiam
1177 1611 1311 1680 vietpm
1328 1608 1412 1663 dietae

341 1701 514 1748 construunt,
539 1707 590 1742 nee
612 1701 755 1742 stramento
776 1689 855 1740 robo-
895 1707 966 1756 eme,
981 1689 1055 1744 haud
1072 1689 1207 1742 immerito
1225 1687 1351 1759 auspicati
1368 1706 1413 1741 au·

341 1781 402 1824 rant
413 1783 420 1822 ε
433 1767 480 1823 ned
499 1767 527 1822 in
541 1768 660 1839 riparum
677 1768 761 1833 caria,
775 1765 854 1820 illatia
896 1773 1039 1823 manliam
1047 1766 1231 1840 quaerendem
1241 1767 1412 1833 oeumtbeait,

341 1861 445 1904 tantum
458 1867 490 1902 eo
502 1847 599 1920 plumis
611 1847 795 1901 rtrameutinve
811 1846 856 1900 ni·
895 1865 955 1920 qun
965 1867 1061 1922 parra,
1076 1849 1118 1902 uti
1134 1846 1276 1901 ἆοοιιίιιιιιι
1292 1849 1321 1900 iu
1342 1848 1412 1901 unda

341 1927 477 1983 dulantur.
493 1928 575 1982 Haau
895 1925 930 1981 ad
945 1946 995 2000 eap
1013 1929 1064 1992 45.
1082 1940 1162 2000 atque
1173 1945 1190 1980 a
1202 1927 1263 1980 vitia
1274 1927 1341 1980 flore
1359 1946 1411 1981 uo-

380 2009 412 2062 1..
432 2025 456 2061 1.
469 2009 500 2060 In
509 2025 596 2077 genere
608 2003 788 2077 vitiparrarum.
803 2005 856 2058 la·
894 2025 957 2060 men
965 2009 1086 2061 oeamtbe
1096 2006 1324 2078 sortitaeit,quam
1334 2006 1408 2060 Gaza

342 2087 471 2142 borarunt
483 2087 511 2138 iu
525 2087 575 2139 ban
590 2083 729 2158 Charybdi
740 2085 803 2138 satir
814 2085 857 2136 iu·
895 2084 997 2140 ideireo
1006 2089 1138 2158 vitilium
1144 2084 1263 2140 reddidit
1274 2105 1282 2140 ε
1293 2105 1342 2140 eur
1353 2103 1409 2138 uon

342 2167 456 2220 feliciter
467 2165 565 2219 eruditi
583 2164 714 2237 plerique.
727 2167 761 2217 in
779 2164 856 2217 libri·
896 2175 924 2220 et
943 2165 1035 2220 eadem
1056 2167 1172 2220 similem
1186 2167 1223 2218 ob
1236 2185 1359 2231 oausam,
1373 2168 1412 2217 vi·

342 2245 421 2300 editis
438 2261 500 2298 ante
523 2245 715 2310 Hermolaum,
736 2243 855 2310 Parme,
898 2255 1011 2317 tapam,
1023 2258 1069 2300 aut
1082 2250 1221 2318 vitipater,
1235 2245 1353 2316 potnerit
1365 2263 1414 2316 ap·

343 2327 478 2389 venetiis,
491 2325 624 2396 alibique,
636 2327 661 2376 in
669 2343 756 2394 genere
766 2325 854 2375 niteri-
897 2325 1013 2397 pellari?
1026 2327 1118 2380 Haan.
1128 2355 1170 2368 --
1179 2325 1410 2396 Vitlpamm.....

339 2425 439 2476 Imm,
450 2405 556 2474 iegitur.
572 2403 729 2468 Rhenanus,
742 2415 769 2456 et
782 2403 855 2456 Gaza
898 2423 993 2471 maneo,
1010 2417 1063 2458 eto.
1083 2405 1145 2458 lion
1166 2404 1236 2457 aliua
1255 2405 1312 2458 aria
1330 2423 1412 2476 quam

343 2488 503 2556 riparium,
513 2484 626 2537 malunt.
642 2482 816 2545 Hermolaus,
830 2484 856 2534 ia
894 2484 1088 2556 paripenduiini
1100 2487 1134 2538 L.
1154 2475 1269 2552 (terrie),
1285 2485 1356 2538 Bali.
1377 2484 1412 2538 ie.

341 2583 428 2635 genem
436 2568 491 2617 item
498 2567 655 2634 rqsariarum,
665 2581 697 2616 ex
706 2561 856 2627 Aristotele,
900 2567 976 2623 61⁸.
991 2565 1007 2619 3
1017 2604 1025 2630 ,
1039 2565 1081 2616 rei
1091 2568 1150 2635 pari
1158 2564 1267 2618 mmet
1277 2565 1309 2619 1..
1320 2560 1411 2626 (mous-

343 2645 445 2717 iuquit,
455 2642 488 2696 ad
502 2643 623 2697 verbum.
636 2647 671 2695 At
682 2659 717 2694 ue
726 2642 784 2694 lere
795 2640 857 2713 qui·
899 2639 994 2709 tache),
1006 2642 1078 2697 nnn.
1093 2644 1144 2697 iee.
1157 2647 1233 2707 618,
1249 2665 1260 2695 r
1278 2655 1306 2698 et
1320 2663 1351 2708 a,
1365 2643 1412 2696 ille

343 2724 405 2778 dem
423 2726 479 2796 ejus
497 2722 537 2775 rei
554 2721 692 2791 vestigium
706 2719 779 2791 apud
793 2719 858 2772 Phi·
898 2722 986 2776 nidua·
999 2723 1035 2776 lii
1046 2723 1154 2776 enimin
1164 2723 1233 2776 bauo
1244 2723 1357 2776 formam
1369 2723 1413 2775 ui·

343 2803 485 2876 loeopbum
502 2815 585 2855 euitat
595 2801 689 2854 ullum.
708 2799 761 2853 Sed
775 2800 857 2854 Gazae
898 2800 1023 2866 dibeant,
1037 2815 1068 2856 ut
1084 2821 1217 2856 manente
1227 2803 1323 2856 clause
1332 2804 1413 2856 instar

343 2884 471 2937 nimirum
489 2880 734 2952 interpretationem
753 2894 858 2933 necatur
898 2881 1047 2936 orbiculata
1059 2881 1158 2936 domne
1170 2879 1243 2936 aditu
1256 2895 1344 2954 pateat
1355 2879 1414 2935 uui·

344 2960 574 3026 eet,utdieemua
590 2959 857 3013 inieriuernondri·
899 2979 932 3014 eo
955 2974 983 3015 et
1007 2962 1130 3032 perexili,
1150 2960 1269 3034 pendent
1288 2975 1413 3016 ceterum

345 3041 551 3104 atoteliererba,
561 3051 748 3110 mentemque:
759 3050 785 3092 et
796 3057 859 3095 naue
898 3041 1017 3096 herbula
1029 3059 1081 3114 ope
1093 3043 1122 3095 iu
1132 3041 1255 3096 aennaiue
1267 3055 1294 3096 et
1302 3041 1414 3096 eontin-

345 3123 424 3194 lonqe
435 3120 511 3174 aliter
524 3119 641 3192 riparia,
657 3118 691 3172 de
704 3119 858 3191 quibuaau·
891 3123 961 3174 'nata
974 3139 1030 3174 non
1045 3140 1137 3176 muaeo
1156 3119 1281 3194 quidem,
1293 3119 1339 3175 red
1350 3122 1413 3174 ber·

346 3213 387 3255 tea
417 3201 537 3274 proxime
570 3198 672 3252 dietum
698 3209 751 3263 eet,
779 3197 859 3252 nidor
898 3199 995 3254 barum
1015 3201 1067 3254 iiiia
1088 3215 1114 3255 et
1137 3201 1238 3256 nemine
1257 3199 1413 3274 aquatilium

346 3292 460 3334 struunt.
484 3277 672 3332 Aldroraudue
685 3290 745 3351 pont
758 3277 860 3331 Genne-
900 3280 1044 3344 arborum,
1067 3299 1099 3333 ae
1124 3281 1153 3334 in
1174 3279 1269 3352 primia
1296 3281 1415 3352 populo·

346 3379 423 3426 rum,
437 3362 463 3412 in
476 3379 562 3430 genere
575 3377 706 3431 purorum,
717 3356 858 3424 emendat,
900 3377 971 3414 rum.
982 3361 1103 3414 Curiae.

346 3441 398 3493 boe
409 3452 466 3505 ent,
481 3439 684 3511 mesangiarum.
695 3435 858 3491 Seddirerea
941 3459 967 3493 a.
981 3439 1145 3509 Accensae.
1158 3441 1191 3492 iu
1200 3439 1275 3494 iibria
1286 3439 1414 3492 haecum

346 3519 447 3592 pariter
466 3519 499 3570 iie
517 3533 555 3572 eet
572 3518 698 3572 nidorum
714 3529 857 3571 structura.
901 3517 994 3585 editis,
1006 3520 1139 3592 Argutilis.
1150 3518 1412 3582 lnMSS.omnibue,

347 3599 403 3653 Noa
411 3601 460 3671 qui
474 3598 589 3669 reatiqiia
601 3611 721 3652 veterum
732 3595 858 3651 codicum
901 3601 967 3671 λος.
977 3617 1002 3664 r,
1011 3618 1044 3665 a,
1058 3600 1136 3654 Coib.
1150 3619 1177 3664 r,
1187 3621 1201 3653 a
1210 3638 1219 3664 ‚
1228 3599 1310 3652 Parin.
1320 3597 1413 3653 Cbiill.

256 3717 258 3724 ,
346 3679 469 3752 religione
479 3675 625 3751 seduloque
636 3676 860 3750 inaietimua,qui·
902 3691 960 3734 turn
974 3681 1002 3733 in
1017 3680 1070 3734 hoe
1084 3680 1160 3742 loeo,
1173 3692 1229 3732 tutu
1244 3678 1274 3731 in
1289 3678 1351 3732 libri
1364 3679 1414 3731 bu·

346 3757 397 3812 bue
422 3759 583 3830 incorrupte
610 3757 732 3810 lectioni·
760 3759 860 3812 remim
901 3762 943 3830 jue
957 3758 1065 3826 Indice,
1082 3759 1212 3830 Agmilb‘r.
1226 3759 1283 3812 Noa
1304 3776 1337 3812 ex
1356 3758 1416 3812 Ari·

345 3839 442 3892 eoimua
453 3835 747 3911 plerumqueeoutiueri
756 3854 763 3890 :
773 3857 858 3910 quum
903 3839 1010 3904 atotele,
1025 3839 1190 3911 Aeanrlryllis.
1209 3839 1254 3894 Sic
1267 3839 1337 3892 enim
1349 3839 1412 3905 ilie,

346 3919 374 3971 iu
389 3921 453 3989 lieg.
473 3937 498 3983 r,
521 3937 552 3981 a,
574 3917 653 3972 Colb.
672 3933 698 3982 ι,
721 3935 754 3981 a,
773 3918 858 3972 Paris.
901 3919 948 3972 lib.
963 3919 1017 3984 tx,
1031 3937 1055 3971 c.
1073 3937 1122 3984 no,
1138 3937 1167 3989 p.
1182 3927 1254 3988 1069
1269 3934 1277 3972 t
1291 3923 1413 3988 Τιχναὸς

345 3997 455 4070 aliisque
472 3999 552 4052 eoribi
569 3995 666 4050 direrte
682 3993 815 4062 vidimus,
833 4001 859 4049 in
902 3994 933 4051 tt
943 3997 1015 4055 zeii
1031 4001 1076 4060 τῆς
1091 3995 1264 4060 ἀκανθυλλίδος
1282 4000 1333 4067 [χαι
1343 4018 1414 4051 reor·

344 4098 431 4146 genere
444 4081 614 4149 uitipammm
625 4094 663 4131 :a
678 4095 731 4149 qua
744 4077 859 4130 lectione
902 4079 945 4131 rie
959 4100 966 4115 ·
988 4080 1127 4132 πίπλιιται
1150 4079 1198 4147 γὰρ
1218 4080 1301 4150 deniq
1321 4081 1414 4148 σφαῖρα

346 4156 419 4213 baud
438 4159 553 4212 multum
577 4156 710 4213 abludunt
730 4154 859 4211 editiones
901 4163 969 4221 tiri,
991 4159 1083 4225 Ιχουοα
1108 4159 1152 4215 τὴν
1179 4155 1286 4212 nioben
1316 4159 1411 4228 μικράν.
