3200 5159
569 493 731 562 LIBER
764 494 831 562 IX.
1160 521 1227 593 ¹77

165 649 238 694 cam
260 621 446 720 appellant,
472 610 715 718 quincunciali,8
741 623 978 718 magnitudine.
1007 625 1152 696 Arbores
1182 630 1232 697 in·

129 787 132 796 r
165 731 248 800 fixus
270 730 372 800 radici
392 727 513 800 necat⁹
533 755 540 796 :
557 753 669 814 arma,
686 718 858 818 ut'telum‚
872 730 1043 826 perforat:
1060 732 1124 800 vi¹⁰
1138 733 1232 825 ferri,

164 851 197 906 et
211 839 330 906 veneni
350 833 448 906 malo.

216 946 376 1012 LXXIII.
393 932 513 1033 (xnrx.)
528 940 687 1012 Morb0s¹
705 943 861 1011 universa
874 967 996 1036 genera
1012 945 1177 1039 piscium,
1194 962 1232 1017 ut
1253 986 1264 1020 1

164 1065 282 1123 caetera
301 1048 454 1118 animalia
466 1051 565 1118 etiam
577 1048 664 1128 sera,
686 1074 754 1118 non
769 1051 950 1143 recipimus
963 1051 1096 1120 sentire.
1104 1055 1231 1123 Verum

165 1170 325 1250 aegroture
348 1152 530 1250 singulos²,
550 1155 761 1225 manifestum
788 1154 868 1224 lacit
886 1153 1072 1249 aliquorum
1094 1161 1232 1248 macies,

165 1286 268 1356 quum
288 1264 322 1331 in
337 1262 452 1330 eodem
470 1285 591 1356 genere
607 1251 817 1357 praepirigues
835 1259 889 1329 alii
906 1263 1090 1357 capiantur.

216 1369 374 1436 LXXIV.
396 1360 470 1456 (n.)
492 1367 648 1455 Quonam
672 1367 772 1437 modo
793 1358 968 1462 generent,
985 1368 1184 1440 desiderium
1199 1387 1265 1449 εἰ,

164 1474 337 1543 admiratio
359 1473 533 1542 hominum
551 1473 678 1542 differri
708 1498 775 1541 non
804 1475 939 1569 patitur.
968 1475 1096 1544 Pisces¹
1117 1479 1233 1547 attritu

164 1581 329 1649 ventrium
349 1592 486 1664 coeunt,
507 1593 598 1648 tanta
620 1576 787 1648 eeleritate
812 1593 850 1647 ut
868 1581 976 1648 visum
999 1579 1115 1650 fallant
1133 1606 1142 1650 :
1163 1583 1232 1652 del-

165 1685 285 1782 phini²‚
307 1700 340 1754 et
354 1683 479 1779 reliqua
493 1699 582 1771 cete,
601 1683 698 1754 simili
710 1685 832 1771 modo,
857 1698 891 1753 et
909 1682 1011 1779 paulo
1030 1685 1162 1757 diutius}
1178 1693 1234 1758 Fe

165 1914 250 1967 greco
278 1896 451 1960 nominatur,
474 1895 596 1966 quamvis
624 1894 674 1948 sub
717 1893 806 1947 morbi
816 1891 954 1946 individue
965 1894 1053 1948 solent
1062 1895 1180 1966 piscibus
1189 1897 1232 1950 in·-

164 1977 313 2048 hunniam
321 1976 377 2028 fuse
385 1973 420 2026 de
430 1993 460 2026 ea
470 1985 610 2027 tractatum
620 1987 673 2038 est,
717 1974 858 2037 number„
869 1984 896 2025 et
905 1971 1015 2044 quidam
1025 1974 1147 2045 gentibus
1155 1978 1230 2046 totis,

164 2074 188 2108 c.
204 2060 250 2126 67.
263 2053 448 2127 Spinneuudae
461 2065 536 2106 acuta
546 2065 596 2118 est,
609 2053 675 2107 oris-
717 2057 888 2124 epizoon‘arum
921 2052 1012 2106 modo.
1053 2054 1231 2113 Prrebuerunt

164 2138 251 2206 quein
267 2153 344 2189 serre
360 2135 473 2187 sormam
487 2132 601 2186 dentalis
612 2145 672 2203 apta
716 2151 805 2202 nuper
817 2132 968 2202 exemplum
984 2132 1046 2185 lucii
1059 2134 1087 2186 in
1101 2134 1160 2188 lucu
1170 2137 1228 2190 vul·

164 2213 367 2280 adserendum,
383 2214 420 2266 itu
435 2225 465 2266 ut
481 2213 503 2266 si
519 2211 628 2284 quando
644 2212 672 2265 in
716 2213 747 2264 lis
765 2230 827 2282 quae
846 2213 880 2264 ub
899 2210 1031 2282 oppidulo
1048 2213 1230 2287 Mouemooency

163 2313 254 2348 cernes
264 2293 452 2367 penetraverit,
472 2311 527 2344 non
536 2291 594 2345 sine
609 2293 672 2346 scis·
715 2291 1028 2362 cognominute,quorn1u
1039 2294 1229 2348 multiinsum·

164 2393 222 2426 sura
239 2375 324 2446 possit
346 2372 452 2427 retrahi.
469 2372 539 2424 Hinc
563 2372 672 2425 vulnera
716 2371 850 2443 mis'uquse
860 2369 1019 2424 fluctuavere
1031 2374 1174 2438 exanimes,
1182 2395 1229 2427 ru·

163 2453 323 2518 sormidam
345 2467 371 2506 ut
390 2470 534 2518 venenosa,
551 2451 669 2504 minime.
714 2451 892 2521 bentibusque
905 2451 1015 2504 maculis
1028 2451 1147 2517 sordidi;
1165 2470 1227 2508 curo

164 2534 228 2598 Quae
243 2531 277 2586 sle
291 2533 409 2603 potentin
420 2532 448 2584 iu
460 2532 568 2584 arbores
582 2543 609 2584 et
618 2531 672 2583 fer·
715 2528 958 2600 auteminjucuutls
973 2532 1226 2589 etnoxia.Cuv11un.

164 2631 238 2677 rum,
251 2612 347 2666 fabulis
360 2609 511 2682 appendito.
529 2611 649 2665 Curru.
754 2610 881 2662 LXXIV.
902 2628 927 2661 ι.
949 2610 1031 2662 Pisces
1048 2616 1141 2664 attritu
1151 2613 1226 2666 Ven-

204 2695 231 2746 8.
250 2692 429 2761 Quincunciali.
445 2689 532 2743 Uueiu
549 2708 611 2761 pars
632 2702 672 2742 est
714 2688 797 2742 trium
819 2688 1013 2743 commissione.
1030 2691 1225 2746 Arist.Hist0r.
1263 2712 1267 2718 ’

163 2771 238 2844 pedis
253 2769 418 2824 duodecima.
429 2771 520 2824 Hsnu.
714 2769 804 2822 Auim.
821 2769 869 2821 lib.
884 2769 921 2834 V,
935 2788 995 2840 cap.
1017 2769 1043 2835 5,
1058 2790 1118 2842 pag.
1133 2770 1188 2824 526
1200 2784 1227 2825 et

175 2907 179 2914 ,
203 2871 230 2924 9.
253 2851 359 2904 Arbores
377 2849 464 2920 infisus
490 2849 569 2900 rudici
592 2859 669 2901 neuun
716 2847 781 2901 532.
803 2847 893 2901 llsnn.
911 2880 950 2890 -
966 2850 1028 2902 Nou
1051 2848 1085 2902 de
1103 2851 1227 2903 omnibus

163 2931 300 2984 Pintianus
308 2926 449 3000 legendum
461 2929 575 2980 radicitus
587 2940 672 3000 putat,
714 2945 815 2980 verum.
826 2925 941 2993 Quidam
953 2928 1043 2993 enim,
1055 2928 1075 2979 ii
1088 2921 1225 3001 prae'cipue

164 3027 217 3063 non
234 3011 321 3062 rudici.
331 3011 433 3062 Verum
445 3021 472 3061 et
480 3006 564 3061 rudici
577 3008 597 3060 si
608 3007 670 3060 infi·
713 3007 846 3077 quirinus
855 3007 974 3078 puniunt,
983 3020 1093 3075 coeunt3
1106 3009 1226 3081 plerum·

163 3087 671 3160 gutur,arboresnecnreseribitpariter
713 3085 1227 3156 quetumeumasculoidofficiidumtu·

164 3169 317 3241 Oppianus,
328 3169 442 3222 Hulieut.
456 3168 503 3221 lib.
514 3168 550 3225 11,
562 3187 589 3220 v.
604 3174 669 3236 ⁴9⁰·
713 3179 758 3218 καὶ
766 3179 805 3219 est
813 3177 843 3218 ut
849 3184 937 3218 semen
945 3185 1021 3218 suum
1028 3168 1086 3220 ovis
1093 3166 1226 3240 inspergnt

162 3248 296 3303 Niuunder
309 3267 416 3320 quoque
434 3246 463 3299 iu
477 3246 559 3300 Ther.
582 3266 609 3317 p.
625 3252 668 3315 59.
714 3263 773 3317 quar
784 3245 883 3297 femina
892 3248 943 3314 jam
955 3243 1094 3315 deposuit,
1110 3260 1141 3301 ut
1154 3248 1225 3302 infru

205 3347 248 3382 ιο.
266 3329 302 3381 Vr'
308 3331 385 3396 ferri,
402 3339 452 3382 etc.
463 3326 602 3398 Oppianus
615 3326 670 3380 luen
713 3323 817 3378 dietum
828 3339 875 3377 est.
887 3325 1006 3378 Cumis.

163 3409 293 3479 eleganter
301 3407 429 3480 expressit
438 3405 613 3462 Halieutslib.
628 3407 670 3470 11,
757 3423 782 3456 ι.
798 3405 921 3474 Delphini.
935 3402 990 3458 Hos
1002 3405 1155 3477 Oppianus,
1172 3408 1226 3460 Ha·

163 3505 200 3541 vn.
218 3490 284 3552 482.
298 3490 391 3550 Hm).
713 3483 789 3536 lieut.
802 3482 852 3536 lib.
863 3485 894 3547 1,
906 3501 944 3535 vs.
959 3484 1024 3550 580,
1036 3486 1129 3538 scribit
1137 3487 1226 3539 homi·

202 3569 329 3621 LXXIII.
349 3585 371 3619 1.
387 3566 495 3620 Morbos.
510 3564 589 3618 Arist.
600 3565 669 3618 Hist.
713 3581 780 3616 uum
789 3581 865 3616 more
873 3560 997 3617 edversos
1007 3564 1227 3637 coiretpudeudu

162 3645 253 3700 Auim.
265 3647 312 3700 lib.
324 3647 410 3712 VIII,
421 3665 480 3716 esp.
499 3646 545 3710 25,
558 3664 585 3715 p.
600 3643 670 3716 955,
713 3643 747 3696 iis
758 3661 815 3696 esse
827 3642 1071 3698 humanissimiliu:
1083 3645 1161 3699 virile
1171 3666 1226 3700 non

161 3722 407 3797 niunpurulorpolln
416 3739 500 3779 vocar.
510 3726 671 3778 Communes
715 3741 819 3794 semper
832 3741 887 3776 esse
900 3724 1074 3796 conspicuum
1083 3764 1091 3790 ‚
1099 3724 1147 3779 sed
1157 3725 1229 3778 intus

160 3808 352 3878 popularesque
363 3807 470 3860 morbos
484 3805 584 3858 Plinius
595 3805 672 3858 iutel-
714 3803 796 3856 lutere
807 3803 936 3855 :Veneris
946 3815 1048 3856 tuntum
1061 3805 1090 3856 in
1102 3823 1167 3858 usus
1177 3825 1228 3857 nu·

160 3885 233 3957 ligit,
250 3888 298 3959 qui
314 3877 440 3956 contagio¹
454 3903 502 3957 per
515 3902 610 3955 genera
623 3901 670 3937 su·
715 3881 772 3934 dari
790 3894 817 3934 et
830 3882 924 3936 exseri.
934 3883 1025 3936 Hsuu.
1043 3915 1084 3927 —
1098 3885 1229 3948 Censen,

161 3959 669 4037 viunt‚lntequevulgantur:Innlnplouc
716 3979 783 4034 quos
809 3962 1003 4021 mammileris,
1027 3982 1083 4016 nou
1113 3964 1234 4034 piscibus

163 4043 262 4100 Grecis
276 4045 436 4100 nominatos.
447 4044 539 4096 Iliun.
718 4061 803 4095 nunc·
814 4055 969 4095 annumerat
984 4043 1105 4114 quisquis
1124 4056 1230 4096 natuss-

202 4145 227 4177 π.
251 4126 389 4196 AEgroture
415 4123 531 4195 singulos.
556 4121 673 4189 Quidum
716 4118 783 4175 lium
796 4140 887 4175 rerum
899 4120 973 4174 haud
986 4123 1066 4192 plane
1080 4120 1169 4185 rudis,
1186 4140 1232 4174 eu·
1321 4179 1325 4187 1

212 4237 276 4302 IV.
968 4243 971 4253 ’
1057 4245 1101 4293 12
