3200 5159
343 457 415 528 326
612 459 651 528 C.
677 460 842 528 PLINII
867 459 977 527 Nar.
1003 451 1135 526 HIST.

342 608 459 662 nantes
480 617 488 660 :
511 596 544 662 iu
559 615 625 661 ovo
644 607 734 662 certe
750 605 844 686 gutta
861 615 900 662 aa
920 582 1038 670 salit¹⁵,
1058 590 1271 685 palpitatque.
1289 593 1409 684 Ipsum

342 697 462 768 animal
471 687 495 732 ¹⁶
513 723 552 768 ex
574 696 650 767 albo
674 697 802 792 liquore
828 699 885 768 ovi
911 711 1119 791 corporatur.
1137 696 1241 769 Cibus
1261 697 1296 765 in
1314 695 1407 765 luteo

342 819 400 874 est.
431 804 595 874 Omnibus
624 806 713 874 intus
728 806 752 848 ¹⁷
775 817 876 898 caput
903 803 1010 897 majus
1034 817 1107 874 toto
1124 825 1267 896 corpore
1288 800 1407 870 :oculi

342 913 520 1004 compressi
537 912 644 1004 capite
664 911 816 1004 majores.
840 913 1050 979 increscente
1060 898 1085 937 ²⁸
1106 906 1217 1003 pullo,
1234 907 1361 979 candor
1371 908 1406 974 in

342 1015 487 1086 medium
504 1019 661 1102 vertitur,
685 1014 810 1086 luteum
827 1014 1113 1086 circumfirnditur.
1127 1014 1325 1084 Vicesimo²⁹
1335 1012 1408 1096 die,

344 1231 544 1300 animadvertit,
563 1235 598 1290 ab
617 1234 723 1286 liuveo
742 1233 853 1298 citatus,
896 1232 984 1305 pitane
995 1251 1055 1303 que
1071 1243 1112 1286 eet
1128 1249 1191 1294 cor,
1204 1229 1253 1284 aed
1270 1249 1327 1284 noa
1344 1241 1408 1284 aute

345 1315 438 1368 Exere.
452 1313 574 1386 xv1,p.
589 1314 632 1366 50.
647 1311 806 1384 lL-Lege,
823 1313 854 1366 Iu
896 1311 1104 1365 lucubationem.
1114 1310 1233 1365 Currus.

344 1392 421 1444 medio
443 1391 509 1453 albi,
531 1411 585 1445 nou
608 1395 633 1444 iu
654 1391 730 1444 medio
748 1391 854 1444 vitelli:
942 1390 986 1445 25.
1010 1391 1089 1444 Gutta
1109 1409 1138 1440 ea
1157 1389 1223 1442 sulit.
1245 1389 1327 1456 Quasi
1349 1389 1408 1442 ani·

343 1489 404 1524 inam
417 1471 507 1543 pullus
521 1489 553 1524 ex
564 1471 625 1524 albo
640 1483 811 1542 corporatur,
824 1471 853 1523 iu
895 1481 989 1530 mata,
1014 1465 1087 1540 redosc
1110 1467 1153 1522 uel
1174 1471 1297 1535 κινεῖται,
1321 1469 1406 1539 ὕπαρ

343 1551 435 1604 vitello
451 1552 540 1604 cibum
557 1551 652 1616 babet,
672 1563 736 1604 teste
757 1551 856 1604 Aristo·
898 1549 1012 1620 ἴμψυχος.
1027 1550 1107 1603 Arist.
1124 1547 1215 1601 Haeo.

345 1631 396 1682 sele
409 1642 435 1681 et
451 1631 538 1682 Plinio
551 1649 614 1683 mox
628 1631 723 1702 paulo,
738 1631 788 1683 etsi
799 1649 854 1683 uon
940 1632 985 1681 26.
1000 1629 1079 1699 Ipsron
1092 1628 1189 1680 ammi.
1201 1626 1245 1680 sic
1256 1627 1334 1680 Arist.
1347 1643 1407 1698 pag.

344 1709 439 1780 ignoro
451 1723 543 1763 contra
556 1710 652 1762 sentire
667 1709 856 1782 Hippocratem
899 1706 971 1767 655.
992 1720 1019 1760 et
1035 1708 1159 1760 Albertus
1177 1707 1228 1760 loc.
1245 1707 1292 1761 cit.
1306 1706 1409 1762 Contra

344 1788 371 1840 in
387 1790 456 1841 libro
469 1791 509 1842 De
526 1801 618 1842 natura
635 1789 711 1842 letus.
726 1789 856 1864 Preterea
898 1785 1091 1863 Hippocrates,
1102 1787 1150 1839 lib.
1162 1784 1196 1839 de
1205 1786 1305 1840 Natura
1316 1785 1408 1857 pueri,

344 1869 426 1920 verba
439 1867 502 1920 ilia:
522 1894 533 1916 ι
545 1869 577 1922 In
592 1885 643 1919 ovo
655 1881 726 1925 certe
743 1880 830 1940 gutta,
840 1892 852 1913 ι
898 1877 964 1919 text.
979 1869 1013 1932 ξι
1025 1907 1033 1933 ,
1043 1883 1102 1937 pag.
1121 1869 1194 1930 161,
1212 1883 1243 1918 ex
1258 1865 1330 1918 luteo
1348 1863 1409 1937 pul·

346 1947 410 1999 salsa
421 1961 481 2000 sunt
494 1960 520 2000 et
536 1945 700 2010 adulterina,
716 1959 742 1999 et
756 1947 813 2000 siue
823 1945 856 1998 il·
898 1945 954 1998 lum
966 1959 1050 2012 creat,
1063 1944 1258 1998 ulitalbumine.
1269 1945 1367 1999 Γίνεται
1377 1941 1408 1998 dl

345 2025 377 2078 lis
386 2025 487 2096 reliqua
495 2026 597 2096 optime
604 2026 747 2080 coherent.
756 2026 783 2078 si
794 2043 856 2078 cum
899 2027 927 2078 tn
934 2033 975 2079 τοῦ
982 2031 1073 2094 χλωροῦ
1084 2033 1127 2079 τοῦ
1135 2028 1181 2078 ooo
1191 2026 1218 2077 τὸ
1228 2025 1408 2097 ipisci-epopeus

345 2105 433 2158 Plinio
451 2105 597 2158 Aristotelis
619 2107 700 2158 rerba
725 2105 857 2170 conserua,
899 2098 928 2158 di
948 2104 990 2157 καὶ
1009 2104 1106 2168 αὔξησιν
1127 2106 1178 2173 ἔχει
1196 2109 1223 2159 τὸ
1240 2105 1323 2157 isuaia
1340 2107 1368 2157 τὸ
1383 2108 1409 2159 is

346 2183 419 2236 omni
442 2182 611 2238 dubitatione
636 2183 799 2238 liberaberis.
830 2185 857 2238 Is
900 2191 935 2255 τῷ
957 2187 1006 2254 bip.
1030 2185 1123 2255 Neque
1146 2203 1208 2236 cum
1231 2184 1410 2256 Hippocrate,

345 2276 419 2316 sexto
436 2264 521 2329 libro,
535 2265 622 2335 capite
637 2265 731 2328 tertio,
749 2264 784 2316 ita
800 2263 856 2316 ait:
899 2280 986 2333 neque
997 2281 1059 2317 cum
1075 2263 1216 2316 Aristotele
1229 2263 1334 2316 Harveo
1345 2283 1410 2318 con-

349 2369 361 2391 ·
375 2342 487 2396 Galliuia
498 2360 579 2415 porro
593 2343 668 2396 tertia
681 2341 725 2396 die
737 2361 768 2396 ac
778 2355 858 2396 nocte
898 2343 988 2405 veuit,
1004 2343 1118 2405 Ereroit
1134 2360 1188 2403 tu,
1208 2361 1267 2414 pag.
1281 2345 1346 2407 164.
1372 2343 1411 2397 Ex

345 2435 486 2494 postquam
504 2441 609 2494 coepere
624 2424 763 2487 incubare,
787 2420 857 2475 indi·
900 2421 1036 2476 albumine
1052 2423 1109 2475 solo
1127 2422 1236 2475 formari
1253 2421 1302 2487 ait,
1321 2421 1411 2493 alique

347 2501 417 2555 cium
433 2515 556 2574 prestare
568 2501 711 2575 incipiunt.
724 2503 759 2555 At
774 2505 858 2573 majo·
900 2501 997 2566 letum,
1008 2500 1093 2555 donec
1104 2501 1276 2572 grandescat:
1288 2501 1409 2555 vitellum

345 2599 407 2634 rum
432 2583 520 2634 avium
538 2583 628 2653 generi
650 2582 710 2652 plus
729 2593 857 2654 preterea
900 2581 995 2652 partim
1014 2580 1165 2653 grandiori,
1185 2581 1282 2653 partim
1303 2582 1410 2634 excluso

346 2661 857 2732 temporisnecesseest:minurientem
898 2661 952 2732 jam
974 2661 1050 2731 pullo
1067 2659 1162 2714 alendo
1185 2678 1248 2712 esse.
1271 2661 1410 2714 Haun-
1455 2678 1460 2691 ·

346 2741 434 2793 suiuus
444 2741 550 2794 sufficit.
566 2741 685 2794 Effertur
695 2740 781 2813 perid
794 2753 860 2792 tem·
900 2741 1006 2793 Animal
1024 2761 1054 2791 ee
1075 2741 1168 2794 ullu...
1190 2741 1253 2792 litteo
1278 2752 1321 2792 est.
1337 2741 1411 2793 Vere

346 2837 397 2891 pus
409 2819 496 2873 luteus
512 2819 609 2873 humor
621 2818 654 2872 ad
668 2837 793 2872 cacumen
805 2839 859 2890 qua
901 2818 1008 2891 quidem
1025 2820 1097 2873 luteo
1112 2819 1228 2873 vescitur
1241 2819 1345 2891 pullus,
1363 2819 1411 2872 aed

346 2898 509 2970 principium
528 2899 573 2950 ovi
595 2913 653 2964 est,
676 2912 753 2971 atque
776 2917 858 2951 ovum
901 2900 972 2952 circa
1004 2899 1070 2952 lutei
1098 2899 1264 2972 superficiem
1294 2897 1412 2952 ostendit

347 2976 481 3050 detegitur
502 2995 532 3031 oa
557 2990 649 3049 parte,
669 2991 696 3032 et
717 2997 764 3032 cor
784 2978 859 3050 quasi
901 2997 970 3041 sese,
986 2991 1016 3032 et
1037 2979 1117 3032 simul
1135 2998 1166 3032 ac
1186 2977 1410 3043 crocitantem

347 3070 477 3129 punctum
497 3058 669 3129 sanguineum
690 3057 718 3110 in
742 3056 859 3111 candido
900 3057 986 3129 pellit.
1000 3057 1094 3112 Necex
1105 3058 1158 3111 albi
1166 3057 1279 3129 liquoris
1290 3057 1413 3111 substan·

347 3136 452 3208 liquore
474 3138 612 3202 consistit,
633 3137 705 3212 quod
729 3149 858 3208 punctum
901 3137 937 3191 tia
953 3137 1039 3190 solum
1052 3137 1300 3210 [logiumcuvsaa.

348 3215 406 3268 salit
417 3219 471 3286 jam
486 3228 513 3268 et
526 3229 662 3280 movetur,
681 3229 710 3270 ut
724 3216 831 3270 animal.
843 3242 855 3263 ι
944 3235 989 3287 ²7·
1013 3216 1131 3271 Omnibus
1150 3219 1222 3271 intus.
1235 3214 1340 3268 Albert.
1357 3216 1410 3270 loc.

348 3294 525 3348 Scribendum
539 3309 641 3361 autem,
660 3323 670 3342 ι
681 3295 717 3348 Ea
729 3295 790 3350 sulit
800 3295 858 3365 pal·
902 3295 947 3348 cit.
963 3296 1041 3348 Fabia
1052 3294 1206 3366 grandiores
1215 3297 1321 3360 oculos,
1332 3307 1359 3348 et
1371 3297 1413 3349 ui·

347 3373 519 3446 pitatque·,·
554 3395 585 3428 ex
607 3389 721 3450 utroque
748 3376 858 3447 antiquo
902 3373 1411 3448 griorea,Pbilosophuseesescribit.fl.
1459 3383 1464 3390 ‘

261 3493 266 3503 ,
347 3453 501 3524 exemplari.
528 3453 660 3507 Prrrrar.
683 3487 723 3498 -
741 3455 859 3508 Omnibus
945 3455 990 3508 ²8.
999 3455 1152 3507 luemceute.
1163 3455 1292 3509 Clibriat.
1302 3473 1330 3526 p.
1342 3455 1410 3509 656.

347 3535 397 3584 ovs'a
411 3533 487 3585 medio
504 3533 583 3586 uitelli
594 3553 671 3603 parvo
687 3536 754 3585 ineat.
770 3533 858 3587 Greci
944 3551 990 3602 ²9.
1013 3533 1141 3587 Vs'eesimo.
1159 3535 1237 3588 ArIst.
1256 3553 1317 3606 pag.
1338 3533 1410 3606 557.

346 3609 380 3664 rit
393 3615 473 3682 χρυσᾶ
491 3611 532 3664 καὶ
547 3613 581 3664 τὰ
597 3611 723 3682 ὡχρὰτῶν
740 3615 792 3664 ὠῶν
809 3633 857 3665 vo·
901 3625 962 3684 post
977 3611 1105 3686 Hippocr.
1127 3614 1179 3667 loc.
1200 3613 1245 3668 cit.
1262 3632 1320 3685 pag.
1345 3618 1411 3668 162.

347 3704 417 3744 caut.
441 3691 537 3744 Athen.
560 3691 608 3744 lib.
630 3693 693 3744 Ix:
717 3693 740 3744 is
762 3688 857 3745 λοπάδι
901 3693 1004 3758 Varro,
1028 3691 1063 3746 de
1081 3695 1200 3747 Rerust.
1218 3694 1265 3746 lib.
1281 3695 1411 3766 III,ctp.

346 3766 464 3841 pudoris,
476 3769 577 3824 καὶτῶν
589 3775 642 3824 ὠῶν
654 3772 791 3842 τὰχρυσᾶ,
803 3775 858 3843 μιο’
902 3791 930 3842 9.
953 3772 1115 3838 Columella,
1135 3773 1183 3825 lib.
1203 3773 1286 3837 VIII,
1302 3790 1360 3844 cap.
1377 3774 1411 3838 ⁵,

346 3851 459 3912 tumn,
469 3851 553 3922 γάρος,
564 3853 665 3921 triceps,
677 3845 746 3902 οἶνον.
754 3851 856 3905 Victor.
900 3869 929 3922 p.
944 3853 998 3908 288
1011 3874 1018 3904 z
1034 3879 1045 3900 ι
1056 3853 1106 3906 Die
1114 3849 1313 3923 undevigesimo
1328 3853 1413 3906 auim-

343 3928 390 3982 lib.
405 3929 572 3997 XXXVIII,
589 3950 646 4003 cap.
662 3929 688 3990 l·
705 3931 857 3984 Danuu—
902 3928 1038 3998 advertat,
1058 3952 1091 3989 nu
1115 3933 1182 4005 pulli
1216 3931 1328 3986 rostellis
1360 3951 1412 3987 ova

342 4008 375 4059 In
392 4029 445 4063 ovo
464 4011 507 4063 cui
527 4013 582 4082 jam
598 4011 791 4076 incubuerunt,
811 4007 858 4062 ad·
900 4011 1086 4082 percuderint,
1106 4025 1133 4064 et
1146 4013 1309 4066 auscultetur
1327 4010 1349 4064 si
1367 4012 1413 4083 pi-

343 4088 454 4158 spiritur
462 4091 538 4143 facile
551 4091 653 4144 macula
668 4091 747 4143 rubra
762 4102 788 4143 ct
799 4089 857 4160 pal·
900 4091 990 4162 piant,
1004 4105 1055 4144 etc.
1064 4117 1076 4139 ι
1092 4092 1182 4145 lirun.
