3200 5159
362 467 452 588 ω
629 499 1003 580 cunradum.
1033 508 1163 578 nrsr.

361 649 466 746 gloria
482 642 678 716 :educatam
695 667 714 712 a
732 643 859 737 virgine
874 639 1025 712 retulisse
1040 643 1196 736 gratiam,
1208 663 1287 711 aves
1298 644 1428 737 primo,

361 780 441 824 mox
467 751 585 822 deinde
601 764 741 819 venatus
755 763 980 844 aggerentem.
1001 747 1170 817 Defuncta
1188 761 1377 842 postremo,
1393 752 1428 819 in

361 884 481 955 rogum
497 881 674 928 accensum
688 855 758 949 ejus
774 855 924 948 injecisse
933 879 1018 941 sese,
1028 869 1062 923 et
1070 850 1185 923 simul²
1196 855 1427 952 conflagrasse.

362 969 473 1056 Quam
484 965 529 1035 ob
541 987 674 1034 causam
687 960 820 1047 incolae,
834 961 925 1057 quod
937 975 1060 1031 vocant
1073 945 1242 1032 Heroum³
1253 963 1288 1031 in
1298 987 1340 1032 eo
1353 960 1428 1032 locu

363 1071 490 1160 fecere,
508 1068 710 1166 appellatum
723 1069 815 1139 lovis
827 1083 861 1138 et
870 1069 1026 1162 virginis,
1040 1069 1199 1162 quoniam
1213 1066 1260 1137 illi
1273 1069 1348 1138 Deo
1361 1067 1429 1138 ales

362 1177 571 1250 adscribitur.

332 1332 343 1366 ι
416 1286 497 1355 vll.
512 1270 590 1375 (v.)
604 1278 786 1352 Vulturum
803 1279 984 1376 praevalent
999 1281 1086 1375 nigri
1094 1277 1116 1348 ¹.
1127 1279 1250 1349 Nidos'
1269 1305 1369 1351 nemo
1383 1295 1430 1352 at·

363 1393 458 1488 tigit:
477 1389 552 1460 ideo
570 1389 670 1457 ctiam
689 1385 793 1476 fuera,
801 1389 859 1482 qui
876 1401 1032 1484 putarent
1045 1385 1118 1457 illos
1130 1412 1172 1456 ex
1185 1385 1326 1458 adverso
1346 1388 1429 1458 orbe

363 1583 875 1663 praoedenmcapiriunnecre.ueinde
957 1585 1022 1638 vn.
1040 1601 1064 1638 r.
1079 1585 1165 1655 Nigri.
1177 1585 1234 1639 Hor
1246 1585 1327 1639 etiam
1337 1584 1431 1641 laudat

363 1671 424 1741 lege
438 1687 501 1722 cnm
514 1671 632 1738 majore:
649 1691 662 1713 ι
673 1664 791 1718 Celebris
802 1661 875 1736 apud
918 1665 1049 1727 AElianua,
1065 1664 1133 1718 Hier.
1146 1664 1240 1718 Anim.
1254 1665 1303 1718 lib.
1315 1666 1357 1731 11,
1370 1685 1429 1738 cap.

366 1751 460 1804 serron
481 1747 576 1801 urbem
597 1745 693 1818 aquilae
711 1745 795 1815 gloria
818 1756 876 1811 ert,
921 1743 1431 1816 46.11.-Magnamerl²taut.inltu·

366 1829 525 1895 educatam,
554 1837 633 1880 etc·
672 1825 878 1896 Cartigationem
919 1822 998 1878 dente
1012 1836 1109 1877 vocat:
1130 1824 1222 1877 «Nam
1236 1822 1329 1877 hercle
1340 1837 1431 1897 egote

366 1909 435 1962 banc
450 1907 609 1961 confirmant
624 1903 705 1957 Plinii
716 1905 797 1957 verba
811 1903 877 1956 infe·
918 1905 1002 1956 barba
1008 1904 1134 1958 continuo
1141 1903 1266 1975 arripiam
1273 1903 1431 1976 etinigncm

366 1989 422 2042 rina
433 1983 519 2059 capite
531 1998 642 2040 octavo:
661 1983 787 2036 «Bellum
798 1983 878 2037 inter·
919 1982 1079 2054 conjiciam,
1101 1983 1194 2055 Teque
1222 1985 1430 2039 ambustulatum

367 2067 490 2122 necinnm
498 2065 566 2136 gerit
572 2083 633 2117 cum
643 2062 739 2134 aquila,
745 2061 879 2115 coheren-
919 2063 1043 2134 objiciam
1053 2063 1156 2133 magnis
1164 2063 1404 2134 aribuapabulnm.
1414 2090 1426 2113 a

368 2160 459 2218 terque
466 2163 536 2216 serpe
545 2140 779 2244 Prehenduntura
795 2140 876 2195 Prur.
910 2141 976 2195 'Cur
992 2142 1034 2196 hie
1055 2143 1222 2214 potissimum
1242 2144 1354 2197 Romani
1373 2156 1430 2198 ute·

412 2246 436 2279 a.
458 2225 497 2277 Et
514 2222 587 2276 simul
605 2223 773 2292 conflagrasse.
791 2221 877 2274 Canes
919 2234 1014 2276 rentur
1026 2221 1061 2274 ad
1071 2222 1186 2294 auspicia
1200 2223 1334 2277 Plutarch.
1350 2221 1431 2278 doce«

368 2303 477 2376 quidem
496 2322 551 2356 non
565 2301 699 2356 rariuimo
717 2299 820 2353 domini
836 2300 877 2353 sui
919 2301 948 2354 in
971 2302 1071 2367 Quart.
1094 2303 1172 2356 Rom.
1199 2304 1245 2372 93.
1266 2304 1369 2356 Dauc.
1389 2334 1430 2347 --

369 2396 483 2438 monem
496 2383 531 2436 ita
543 2400 612 2454 aegre
620 2381 710 2434 tubeae
721 2379 748 2433 in
758 2380 877 2434 conserto
921 2381 1051 2434 Vultum
1068 2382 1202 2452 prevalent
1220 2386 1293 2452 m'gri.
1315 2383 1430 2454 Magnae

369 2477 423 2530 est,
438 2475 469 2516 ut
488 2461 594 2515 tandem
607 2461 701 2514 dolore
719 2459 780 2514 vitu
795 2459 877 2512 finem
919 2462 1010 2514 vultur
1033 2461 1179 2530 Europum
1205 2461 1323 2534 signatur
1351 2460 1428 2525 (vid.
1481 2490 1484 2495 ⁴

368 2543 528 2596 invenerint.
552 2542 606 2594 Noa
631 2539 747 2594 vidimus
769 2539 878 2593 Carteiae
919 2541 1048 2606 Rumon,
1068 2539 1120 2594 cul.
1143 2532 1226 2610 42⁵),
1247 2560 1327 2614 quem
1346 2541 1435 2620 vulgo¹

368 2624 433 2676 olim
446 2623 493 2694 qui
506 2621 605 2675 mortui
621 2620 726 2674 tumulo
741 2619 876 2685 incubuit,
919 2621 1054 2674 cinereum
1061 2633 1167 2683 vocant,
1178 2639 1271 2674 revera
1282 2622 1390 2675 fua-rum
1396 2640 1429 2675 ac

367 2703 457 2756 cibum
475 2713 631 2773 aspernatur
651 2698 798 2770 misereque
819 2700 878 2752 nlu-
918 2701 998 2773 nigm
1013 2699 1128 2754 similem
1139 2701 1249 2754 vulturi.
1261 2701 1378 2756 Cuma.

367 2781 524 2847 lane,donec
537 2780 607 2834 farne
619 2798 649 2834 ac
657 2778 763 2832 tristitia
771 2776 878 2831 tandem
963 2798 988 2833 a.
1001 2780 1090 2834 Nidoa.
1102 2780 1181 2834 Arist.
1195 2781 1264 2835 Hiet.
1276 2781 1365 2834 Anim.
1379 2780 1426 2834 lib.

368 2861 503 2916 defecerit.
524 2858 577 2913 Sed
598 2858 632 2912 de
651 2859 743 2912 avibua
758 2858 878 2912 narranti
920 2860 976 2923 vl,
990 2878 1049 2930 cap.
1062 2862 1096 2922 6,
1112 2878 1172 2932 pag.
1190 2860 1261 2926 663,
1274 2872 1301 2913 et
1313 2861 1361 2914 lib.
1371 2861 1427 2928 tx,

368 2941 413 2994 vix
434 2939 515 2994 fidem
535 2938 694 2992 adhibemur
713 2955 719 2990 :
741 2955 807 2990 nam
818 2956 878 3008 qne
919 2957 979 3009 cap.
993 2939 1113 3010 ὠρας.
1127 2939 1426 3005 1043.Α1Βεηωνοῑο.

366 3021 456 3074 arium
477 3032 557 3090 atque
573 3018 713 3071 bominum
728 3017 879 3089 tympatlria
920 3017 954 3072 de
964 3019 1079 3072 Animal.
1095 3018 1144 3071 lib.
1162 3020 1218 3084 vt,
1229 3032 1305 3074 tract.
1319 3039 1350 3082 r,
1368 3037 1427 3092 cap.

368 3099 479 3153 estillr.
921 3104 955 3164 6,
971 3117 1030 3171 pag.
1054 3097 1119 3168 195,
1134 3098 1176 3152 hia
1190 3099 1352 3170 refragatur,
1363 3099 1429 3154 acri·

408 3180 436 3232 3.
451 3180 566 3232 Hereum
578 3167 660 3249 lipare
674 3174 774 3230 Graecia
784 3193 878 3228 mouu-
919 3177 986 3231 bene
1002 3196 1010 3231 :
1039 3205 1051 3226 ι
1066 3177 1224 3232 Aristotelea
1246 3176 1332 3248 dicit,
1353 3177 1427 3251 quod

367 3272 487 3312 mentum
503 3270 558 3321 eat,
573 3275 618 3310 acu
638 3255 742 3320 fanum,
758 3255 835 3308 berui
848 3254 877 3306 in
918 3275 1066 3330 numquam
1087 3257 1226 3312 invenitur
1243 3257 1324 3312 nidus
1341 3259 1428 3312 vultu·

367 3338 460 3410 primia
479 3337 604 3408 potitum.
620 3336 758 3389 Falluntur
773 3335 820 3406 qui
833 3335 877 3388 laic
918 3336 955 3390 ria
966 3354 975 3389 ε
987 3337 1096 3390 aedboc
1105 3356 1161 3390 non
1171 3351 1312 3392 eatrerum
1321 3339 1428 3392 interra

368 3419 493 3474 Heraeum
515 3415 638 3480 malunt,
664 3411 738 3487 qnod
761 3413 876 3467 lunonis
918 3429 1023 3479 nocua,
1037 3415 1427 3490 inquaeepireimemultinidi

367 3499 498 3570 templum
521 3508 606 3548 conat.
634 3494 706 3548 Vide
731 3492 875 3565 Rhodigin.
918 3495 1091 3550 inveniuntur
1105 3515 1198 3550 eornm
1200 3535 1257 3551 ......
1271 3498 1429 3551 Poetaaaae·

365 3578 414 3632 lib.
425 3575 593 3646 XV11‚cap·
609 3578 734 3644 adstans.
748 3574 877 3644 791·Po·
918 3575 967 3641 rit,
987 3575 1062 3647 quod
1084 3576 1177 3629 vultur
1196 3577 1225 3629 in
1248 3577 1352 3630 Gracia
1371 3595 1427 3630 nun

366 3658 477 3711 eteriore
502 3673 558 3708 arvo
585 3654 688 3708 Graecia
706 3671 756 3724 pro
781 3671 876 3706 monu-
917 3653 1048 3726 pallificat
1062 3673 1072 3708 .·
1088 3652 1134 3708 aed
1147 3655 1220 3727 quod
1236 3658 1310 3710 venit
1327 3657 1362 3710 ab
1376 3657 1428 3710 alia

369 3750 458 3792 mento
469 3753 516 3788 seu
528 3735 648 3806 sepulcro
662 3733 770 3802 accepit
782 3733 875 3786 Hann.
920 3747 990 3788 terra
1008 3747 1122 3800 remota,
1143 3746 1218 3788 etc·
1243 3737 1276 3788 In
1295 3736 1430 3808 Pyreuuia

367 3849 407 3860 -·
417 3815 491 3886 Quod
499 3827 572 3866 uocat
584 3815 699 3865 Heroum.
714 3813 875 3865 Monumen·
918 3813 1056 3868 montibus
1067 3813 1233 3886 deprehendi
1243 3815 1362 3886 quotidie
1372 3816 1430 3869 vul·

367 3909 434 3950 tum.
448 3896 488 3948 De
504 3893 584 3966 hujus
598 3893 672 3947 verbi
688 3891 878 3963 significatione
921 3905 1011 3947 turum
1029 3892 1108 3948 nidor
1126 3893 1241 3966 Scaliger
1255 3896 1385 3960 affirmat,
1399 3895 1428 3948 in

367 3973 600 4044 multaerodigin.
615 3971 708 4036 XVII,
724 3972 769 4024 18.
781 3969 878 4043 Anapi·
920 3973 1071 4027 Commeat.
1087 3973 1121 4027 ad
1135 3975 1216 4028 Arirt.
1231 3993 1291 4046 pag.
1313 3975 1378 4028 663.
1395 3975 1428 4028 In

364 4055 407 4107 cia
428 4073 460 4109 ex
479 4054 574 4127 aquilia
594 4065 621 4106 et
642 4051 793 4104 vulturibus
814 4049 876 4104 ride
920 4053 1117 4124 ItaliaaNipbo
1129 4055 1216 4107 vinnm
1225 4056 1308 4108 refert
1318 4053 1428 4107 Aldrov.

363 4133 437 4206 apud
448 4133 524 4188 Alex.
533 4133 646 4188 abAler.
656 4131 706 4198 111,
719 4129 763 4184 13.
771 4132 874 4186 Danau.
920 4132 1055 4188 Ornitbol.
1064 4134 1111 4188 lib.
1121 4134 1165 4186 111
1169 4151 1243 4206 ,cap.
1253 4157 1277 4188 r.
1284 4135 1374 4188 Haan.
