3200 5159
499 502 503 509 ’
563 511 719 580 LIBER
744 514 812 581 IX.
1160 507 1227 584 155

212 632 509 729 LX111.(sxtttx.)
529 644 688 739 Purpurae
704 642 818 714 usum'
841 645 956 712 Rumte
978 663 1108 739 semper
1125 643 1225 716 fuisse
1247 667 1258 701 ¹

161 746 266 830 video,
285 746 344 815 sed
359 745 505 817 Romulo
520 749 555 816 in
576 750 701 819 trabea.
720 751 808 820 Nam
824 764 903 843 toga
924 764 1101 844 pumicata,
1124 766 1159 819 et
1176 750 1224 821 la-

161 855 240 923 tiore
257 851 373 923 clavo'
395 852 527 922 Tullum
548 854 725 925 Hostilium
752 881 770 925 e
794 856 927 951 regibus
955 857 1100 952 primum
1127 880 1224 927 usum

159 1057 184 1098 et
195 1044 272 1097 Maro
283 1056 401 1109 secutus,
411 1044 439 1097 in
449 1042 561 1097 AEneidc
568 1065 575 1101 ι
582 1068 594 1089 ι
602 1046 667 1101 Pur·
712 1047 811 1101 tunicas
827 1065 887 1101 usos
899 1045 1050 1100 invenimus
1065 1046 1144 1100 etium
1158 1066 1225 1120 pras·

159 1123 538 1197 pureamromitilleanisnam.
549 1150 560 1172 ι
575 1126 667 1179 Hann.
712 1145 799 1180 conca.
811 1152 822 1173 ι
834 1126 948 1179 Tertull·
957 1124 1003 1180 lib.
1012 1125 1046 1179 de
1054 1121 1150 1191 Pallio,
1158 1146 1182 1182 c.
1194 1133 1224 1192 d:

158 1204 335 1273 -Put-pursus
346 1204 437 1255 dicitur
443 1207 551 1273 maguis.
565 1208 667 1275 Apur-
717 1231 728 1254 ι
741 1206 832 1271 Quum
845 1206 944 1260 latioris
956 1223 1083 1277 purpurae
1095 1206 1223 1271 ambitio,

159 1300 230 1354 puras
241 1282 339 1335 illustri
348 1284 448 1349 colore,
461 1282 591 1355 quidquid
602 1286 669 1341 nitet
712 1298 763 1340 etc.
774 1310 787 1333 s
800 1285 952 1351 luvenalis,
967 1298 1053 1359 satyra
1069 1304 1095 1346 1,
1109 1306 1134 1339 v.
1152 1290 1223 1352 106,

158 1380 188 1415 ac
203 1359 373 1433 splendidum
383 1376 437 1427 cst,
450 1365 518 1415 deus
530 1365 558 1416 τὸ
567 1365 670 1434 ἀγλαὸν,
708 1384 842 1435 purpuram
852 1368 963 1435 majorem
976 1365 1110 1437 appellata
1134 1390 1146 1413 ι
1157 1366 1224 1436 quid

155 1440 670 1511 purpuretualatinidireruntzcatullus,
712 1440 1221 1517 coniertpurpuramajorOptandumi·

157 1539 393 1592 quenuspurpursas
403 1540 482 1573 ramos
499 1541 510 1575 .·
526 1521 669 1576 Albinora-
712 1524 773 1577 Ubi
792 1532 956 1579 rasceretur
976 1522 1147 1588 scholiastes,
1163 1524 1223 1577 lati·

157 1600 249 1655 nusad
258 1601 379 1667 liviam,
391 1620 553 1673 purpuream
565 1603 667 1670 niseus,
712 1604 828 1657 clarium
838 1604 958 1675 exponit.
969 1604 1069 1658 Glossus
1078 1604 1188 1657 Veteres
1196 1601 1223 1655 iu

158 1702 183 1725 ι·
196 1714 203 1726 ·
216 1682 489 1751 ·purpureasubuire
500 1682 664 1735 terrulam.»
712 1682 849 1748 Persium,
867 1695 954 1753 satyra
969 1700 994 1747 t,
1010 1683 1166 1735 laticlaviam
1182 1696 1225 1738 tu·

157 1760 302 1812 Horatius:
317 1758 602 1832 ··-·purpureisales
613 1762 670 1813 olo·
711 1763 813 1819 nicam,
844 1780 1010 1831 purpureum
1037 1762 1223 1815 vestimentum

156 1839 256 1891 ribus.-
269 1830 388 1910 Ᾰγλαοῑς,
400 1840 668 1912 ἀγλαοριόρροιςΩιιίη
712 1841 792 1895 luisse
810 1841 903 1893 ciunt!
915 1842 1020 1895 Rectius
1047 1854 1224 1912 purpuratum

157 1919 234 1971 etiatn
251 1921 409 1985 Anacreon,
420 1923 542 1990 πορρυρᾶν
565 1912 669 1991 ipsit·
712 1920 848 1973 dixissent
858 1920 967 1990 Optime
977 1920 1097 1973 omnium
1112 1923 1180 1973 Acro
1190 1920 1223 1974 ud

157 1997 334 2054 muscaria.
711 1999 779 2053 illud
790 2000 910 2063 Horatii,
925 1999 972 2053 lib.
983 2001 1010 2067 1,
1026 2012 1149 2065 sauna.
1166 2000 1223 2053 36:

194 2077 295 2131 LXIII.
310 2096 334 2130 a.
347 2077 467 2148 Purpura
477 2097 553 2130 musa.
575 2078 669 2131 Dahis
715 2080 914 2143 sPraetcxtam,
933 2092 960 2131 et
974 2080 1055 2133 latum
1072 2078 1187 2131 claram,
1208 2092 1220 2124 s

157 2155 264 2210 abunde
285 2157 386 2227 egimus
413 2156 485 2210 libro
512 2158 668 2229 superiore,
715 2186 726 2208 ι
742 2158 840 2211 Latum
857 2158 980 2223 clauum,
1000 2159 1101 2229 inquit,
1120 2168 1224 2230 purptth

157 2254 214 2307 cap.
227 2242 275 2307 74.
290 2236 382 2289 Hasn.
711 2256 768 2291 ram
779 2236 930 2308 dicit,quas
944 2238 972 2290 in
982 2250 1090 2309 pectore
1104 2238 1224 2291 extendi-
1255 2252 1262 2263 ·

198 2334 224 2368 s.
241 2316 341 2367 Laetsbre
351 2316 430 2367 clavo.
443 2314 516 2381 Quid
529 2316 619 2369 clavus
635 2317 669 2369 sit
711 2330 913 2371 tursenatorum
923 2329 932 2367 t
942 2317 1027 2371 Graeci
1042 2319 1079 2371 als
1091 2310 1225 2373 musitata
1258 2329 1263 2338 ’

157 2395 186 2447 iu
196 2414 226 2448 re
239 2395 363 2448 vestiaria
373 2397 621 2459 Romanorum,res
630 2409 670 2449 est
712 2409 819 2450 vocant.
835 2422 846 2445 ι
864 2396 948 2449 Usum
960 2398 1016 2466 ejus
1029 2398 1144 2451 retinent
1153 2398 1225 2469 pain·

157 2473 323 2527 cruditorum
333 2474 474 2527 homiuum
486 2472 670 2551 disputationi·
712 2476 799 2547 cipes,
813 2476 960 2546 injicientes
974 2478 1038 2530 resti
1053 2494 1068 2528 a
1079 2478 1181 2530 cervice
1191 2474 1225 2530 uti

157 2553 206 2607 bus
214 2555 313 2625 jactata
321 2553 436 2625 pridem.
451 2553 582 2607 Dirimere
594 2556 668 2607 litem
711 2568 804 2627 pectus
823 2553 1009 2607 indumentum
1032 2572 1065 2609 ex
1083 2570 1224 2629 purpura,

156 2632 230 2687 locos
238 2634 284 2687 hic
296 2631 670 2705 debuitzexquoiutclligitur
711 2636 753 2689 rel
762 2636 877 2707 pellibus
885 2635 1005 2706 pastionis
1017 2634 1096 2687 maris
1105 2636 1225 2701 Pontici,

157 2711 239 2768 latusn
253 2714 361 2767 clarum
380 2731 455 2783 nque
468 2732 499 2766 ac
515 2725 670 2784 protextam
712 2716 754 2767 vei
774 2715 850 2779 aliis,
872 2714 936 2767 dum
957 2715 1030 2785 sepio
1049 2715 1143 2767 lstbitn
1162 2729 1225 2785 pro·

157 2810 275 2864 purpura
295 2792 444 2846 constitisse
462 2810 469 2845 ε
486 2792 670 2865 elevatamque
712 2792 798 2848 dsunt
814 2794 842 2847 iu
862 2793 1010 2865 publicum.
1033 2795 1115 2848 latus
1135 2807 1225 2849 autem

155 2885 253 2927 vcstcsu
262 2873 516 2943 αωμωοπόρρυρον,
529 2873 670 2943 sicutprss·
712 2875 802 2929 clarus
818 2874 845 2927 in
856 2874 945 2928 tunica
959 2875 1086 2927 senatoria
1101 2889 1156 2927 nota
1170 2886 1226 2928 esst

156 2964 254 3007 textam
262 2953 446 3023 mptsdppupos.
458 2953 497 3005 Ut
505 2953 670 3006 Mesolctacos
712 2955 826 3007 insertus
844 2952 939 3006 eodem
955 2954 1031 3018 loco,
1051 2972 1105 3025 quo
1123 2954 1226 3027 angusti

155 3029 670 3101 pommaPlinicdicitur,lilaXXXV11,
713 3034 900 3105 clari,uempe
910 3032 1021 3087 adlatus
1034 3032 1173 3101 dextrum,
1184 3032 1226 3087 rel

157 3128 215 3182 cap.
228 3114 287 3175 63,
305 3128 385 3182 quum
401 3110 516 3164 mediam
530 3110 671 3182 distinguit
713 3114 864 3177 sinistrum,
889 3110 936 3165 sed
963 3112 991 3165 in
1018 3110 1105 3166 media
1131 3112 1226 3167 tunioto

157 3190 269 3244 candida
281 3191 367 3243 linea:
382 3190 419 3244 tic
428 3192 606 3262 μσοπόρρυροι
617 3191 670 3244 cla·
713 3205 798 3265 parte.
813 3192 1009 3257 Horatius,lib.
1022 3194 1103 3256 l,sat.
1113 3194 1142 3255 6,
1156 3212 1224 3247 vers.

157 3283 223 3324 ratas
235 3283 297 3323 sunt
310 3269 405 3322 tunicae
415 3287 535 3342 purpura
543 3270 569 3322 in
580 3269 670 3323 medio
717 3275 752 3326 18
776 3290 782 3324 :
808 3297 820 3318 ι
833 3274 868 3325 Et
887 3273 971 3324 latum
993 3270 1099 3324 demisit
1118 3284 1226 3343 pcctotc

157 3350 322 3404 illuminata.
333 3350 484 3421 Archippus
497 3348 569 3419 apud
583 3350 671 3402 Pollu·
714 3352 829 3404 clavum.
846 3376 857 3397 ι
877 3349 919 3404 Ad
933 3364 1014 3422 quotu
1030 3351 1119 3403 locutu
1135 3351 1225 3405 Acro:

157 3441 233 3496 cens,
248 3429 671 3500 lib.vl1‚oep.14‚ps3.3so,
715 3454 726 3475 ι
748 3430 860 3483 Demisit
886 3443 1012 3500 pectore,
1038 3424 1125 3483 media
1151 3444 1226 3502 parte

156 3509 300 3563 laticlavias
339 3522 441 3572 vestes,
478 3511 670 3579 πλιτυπὸρρυρι
713 3509 869 3580 eorporis·
886 3509 990 3561 Tunica
1002 3499 1084 3580 igitur
1098 3511 1226 3564 senatoria

156 3590 247 3659 ἱμάτια
266 3601 351 3641 vocat.
372 3588 488 3641 Leainon
509 3588 669 3641 Graeco-Lat.
713 3588 788 3660 apud
811 3588 959 3653 Romanos,
973 3606 1120 3659 purpuram
1144 3588 1226 3661 palmi
1296 3646 1297 3651 ,

156 3668 671 3739 lluppipulpaapiso,*clam.80sipnter,
713 3666 902 3723 latitudinem
920 3668 1066 3740 plurimum
1089 3669 1116 3721 iu
1136 3669 1226 3723 medio

157 3766 220 3819 pag.
236 3766 290 3815 sp:
305 3770 318 3794 ι
330 3746 381 3799 Hic
391 3748 494 3810 clavus,
504 3746 535 3801 id
545 3759 602 3811 est,
613 3749 668 3800 ina·
712 3748 835 3801 habebat.
844 3750 876 3803 Iu
885 3747 1037 3801 Dalmaticis
1044 3748 1226 3802 Diaconosum

157 3826 671 3899 purpuratavcstistuidest,lpsuippupsc
713 3842 889 3889 nostrorum,
919 3841 1035 3882 veterem
1056 3840 1225 3899 angustorum

158 3908 246 3970 iulis,
258 3909 302 3960 sul
317 3909 329 3959 i
348 3901 414 3967 ἧλος.
430 3907 498 3961 ilinc
511 3907 590 3960 latum
604 3926 669 3978 pur-
713 3908 850 3961 clavorum
858 3920 960 3964 motum
968 3908 1226 3971 stmnusissefflulfe·

158 4005 253 4057 puram
274 3986 320 4039 alii
336 4000 449 4055 vocant,
466 3988 570 4039 clavum
585 3988 669 4040 latnsu
711 3988 774 4040 nius
794 3986 889 4053 docet,
909 3988 957 4041 lib.
979 3986 1014 4040 de
1029 3990 1068 4041 Rc
1090 3986 1225 4053 vestistis,

159 4066 187 4119 in
206 4082 286 4119 reate.
311 4067 438 4133 Plinius,
460 4066 509 4121 lib.
533 4066 670 4133 XXXIII,
712 4085 772 4139 cap.
788 4066 1226 4137 8,ubidseoargumentornolta

159 4163 218 4216 cap.
227 4149 260 4197 fi:
274 4172 286 4193 ·
298 4146 441 4219 volgoque
446 4161 565 4219 purpura
574 4147 672 4201 lucion
713 4146 817 4201 audite
827 4146 952 4217 disputat·
965 4144 1220 4218 Erguutdssisam,
