3200 5159
573 514 734 583 uranu
766 515 832 583 xl,
1159 517 1235 617 '³95

168 655 411 724 munimentum
422 664 538 723 eontra
553 654 762 722 occursantia
775 648 944 739 animalia,
952 668 1011 724 aut
1021 652 1084 723 alia
1097 654 1237 729 fortuitu

169 760 357 831 incidentia.
386 759 544 829 Delluere
567 744 641 829 eas⁵
667 759 758 828 haud
783 760 950 827 immerito
976 763 1107 830 Venere
1131 763 1235 844 abun·

167 866 324 936 dantibus
343 865 488 935 tradunt.
516 868 567 934 Ex
592 850 737 935 cateris⁶
761 862 844 933 nulli
864 880 959 955 sunt,
982 868 1046 936 nisi
1065 869 1183 963 quibus
1202 886 1237 941 et

168 974 203 1039 in
223 972 350 1067 reliquo
368 996 508 1067 corpore
525 970 592 1067 pili.
615 971 680 1041 Sed
700 970 992 1066 quadrupedibus⁷
1013 974 1047 1042 iu
1065 977 1236 1069 superiore

169 1092 297 1148 tantum
325 1102 424 1175 gena,
450 1076 642 1149 volueribus
663 1079 697 1147 in
718 1076 902 1147 inferiore:
929 1092 963 1148 et
988 1078 1108 1174 quibus
1134 1082 1234 1155 molle

168 1200 281 1279 tergus
291 1240 301 1272 ‚
311 1199 350 1255 ut
363 1185 572 1281 serpentibus
583 1210 591 1253 τ
602 1200 637 1253 et
646 1182 900 1279 quadrupedum
912 1209 986 1280 quae
1000 1210 1065 1256 ova
1083 1191 1234 1282 pariunt,

168 1303 206 1359 ut
215 1290 352 1363 lacertae.
364 1276 682 1363 struthiocamelus⁸
697 1288 813 1360 alitum
823 1288 912 1379 sola,
936 1306 973 1361 ut
987 1292 1108 1381 homo,
1121 1299 1234 1366 utrim-

166 1421 233 1489 que
246 1396 419 1493 palpebras
433 1396 543 1467 habet.

221 1506 329 1573 LVII.
350 1507 422 1574 Nec
437 1528 528 1599 genae
550 1500 683 1599 quidem
701 1501 857 1572 omnibus
883 1527 891 1570 ε
912 1503 988 1574 ideo
1005 1531 1113 1601 neque
1129 1510 1232 1579 nicta·
1253 1538 1266 1575 r

167 1612 274 1681 tiones
295 1611 356 1699 iis,
384 1634 458 1705 qua·
479 1608 600 1679 animal
618 1606 809 1705 generant¹.
829 1610 1008 1682 Graviores
1027 1610 1161 1684 alitum²
1178 1616 1233 1684 in·

167 1820 679 1902 PalpebrarporroJPlininsqnnmgeuas
721 1844 756 1897 pe
770 1827 956 1886 mammiferis.
973 1830 1056 1884 modo
1077 1844 1135 1886 oeta
1159 1851 1233 1888 amo.

167 1923 260 1973 vocat,
274 1910 395 1981 seqnitur
410 1921 543 1962 vetustum
558 1928 677 1974 morem,
721 1921 804 1971 veta,
819 1906 880 1960 cilia
892 1928 901 1961 z
914 1908 997 1963 immo
1016 1911 1106 1964 avium
1124 1914 1234 1985 quibus·

166 1994 242 2063 eujus
270 1991 363 2043 Festus
388 1988 534 2042 meminit:
563 2016 574 2037 ι
590 1987 678 2042 Genus
722 1981 783 2035 dam
809 1985 942 2059 palpebra
966 2008 1074 2061 quoque
1102 1992 1170 2046 ciliis
1190 1994 1233 2047 in·

167 2069 604 2141 Enniuopnlpebrarputat‚quum
612 2066 679 2121 dicit
721 2074 846 2129 structa,
868 2084 934 2136 quas
951 2069 1046 2125 melius
1058 2070 1160 2141 plumas
1172 2074 1234 2126 bar·

166 2150 219 2203 boe
234 2166 328 2204 versu:
344 2147 454 2200 Pandite
469 2148 539 2201 sulti·
553 2166 633 2219 genas
653 2160 679 2201 et
721 2142 794 2195 batas
808 2145 936 2203 arbitrere
948 2165 1029 2218 quarn
1043 2150 1111 2204 cilia.
1123 2152 1171 2205 Aa.

166 2228 248 2283 eorde
256 2228 398 2301 relinquite
406 2244 554 2280 somnum·
565 2226 620 2279 atii
637 2244 680 2279 eas
763 2224 791 2277 8.
809 2221 1050 2282 Struettocametus...
1071 2231 1133 2283 sola.
1150 2232 1233 2288 triu.

168 2321 256 2379 partes
264 2320 359 2379 putant
370 2325 449 2379 genas
459 2306 529 2370 dici,
544 2324 604 2377 qun
616 2317 678 2359 sunt
720 2300 772 2355 loc.
786 2302 832 2355 eit.
843 2304 937 2357 cilium
950 2324 1005 2361 osse
1016 2309 1159 2364 struthioni
1170 2314 1233 2366 seri·

168 2388 219 2441 sub
241 2386 333 2441 oculis.
353 2386 486 2441 Pacuvius
505 2404 584 2458 gens·
602 2398 679 2456 putat
720 2380 777 2433 bit:
790 2382 1233 2462 insemetantum,anetsnperne,

165 2486 239 2530 esse,
257 2486 310 2540 qua
332 2466 415 2522 barba
433 2466 552 2538 primurn
575 2465 676 2528 oritur,
720 2476 776 2513 non
797 2462 843 2515 air.
862 2465 965 2519 Verum
980 2486 1063 2538 quum
1079 2470 1232 2527 volucribus

167 2548 219 2602 boc
236 2566 316 2601 versu
334 2566 342 2601 τ
358 2546 436 2600 Nunc
450 2548 569 2618 primum
585 2556 679 2619 opacat
721 2557 777 2593 esse
791 2541 853 2595 cilia
865 2557 968 2600 constet
982 2546 1011 2599 in
1023 2547 1150 2603 inferiore
1164 2570 1232 2622 gena

167 2624 234 2680 flore
247 2628 344 2699 lanugo
357 2644 467 2697 genas.»
487 2626 578 2680 thn·
721 2636 768 2673 teu
790 2621 940 2693 ptlpeltra:
963 2626 1141 2681 slmthlonem
1166 2650 1232 2687 vero

209 2707 236 2762 5.
259 2706 371 2779 Deflecte
386 2726 436 2759 eas.
457 2706 538 2759 Arist.
563 2722 622 2775 cap.
644 2710 679 2771 6,
722 2698 928 2773 quadmpedum
940 2708 982 2757 vel
995 2724 1028 2759 ex
1043 2725 1072 2760 ea
1091 2722 1167 2779 parte
1184 2730 1232 2765 na·

166 2788 298 2857 problem.
325 2804 378 2856 19,
397 2804 456 2857 pag.
484 2784 537 2855 70⁵
559 2803 566 2838 :
586 2780 631 2838 dub
652 2784 677 2838 el
721 2791 809 2832 turam
823 2782 924 2837 referre
936 2780 1009 2839 idem
1023 2784 1117 2842 doceat
1130 2789 1177 2843 lib.
1190 2792 1232 2844 tv

167 2866 231 2927 ὅσοις
246 2866 275 2919 ἂν
297 2862 441 2937 βλιφιρὶδις
463 2866 559 2937 ῥέουσι,
573 2864 679 2935 λάγνοις
721 2856 757 2911 de
769 2860 843 2913 Part.
858 2863 949 2917 Anien.
961 2884 1020 2937 erp.
1039 2876 1085 2935 14,
1095 2887 1123 2939 p.
1142 2875 1231 2935 1046,

169 2946 246 2999 «Cur
264 2946 360 2999 salacea
379 2946 408 2999 hi
427 2960 503 3011 sunt,
517 2942 614 3016 quibus
627 2944 678 3015 pili
721 2937 795 3010 qnod
811 2953 837 2995 et
852 2943 990 3014 superiore
1006 2958 1080 3018 parte
1093 2948 1233 3019 palpebras

166 3026 357 3099 palpebrarum
379 3022 523 3080 defluunt?
539 3050 550 3073 ι
573 3022 677 3076 Loeum
720 3030 810 3090 gent,
823 3021 973 3093 βλιφαρῖδας
992 3027 1041 3094 [χιι
1061 3025 1107 3090 τὰς
1127 3029 1232 3096 ἄνωθεν,

167 3104 238 3159 vide.
260 3106 294 3159 ld
313 3106 411 3159 iterum
439 3104 536 3175 repetit
561 3104 608 3156 lib.
635 3104 678 3155 111
721 3097 790 3151 nihil
809 3118 824 3152 a
845 3100 933 3155 Plinio
950 3116 1049 3158 temere
1071 3106 1232 3164 affimratum

166 3182 236 3239 uia.
250 3186 339 3239 Anim.
362 3202 422 3257 cap.
447 3203 496 3247 ro,
511 3203 539 3255 p.
558 3182 632 3248 ³48,
648 3200 677 3236 ao
722 3190 848 3233 intumo:
859 3182 1005 3237 utPinetus
1013 3187 1232 3256 postPintianum

167 3264 267 3317 Plinius
282 3266 357 3337 ipse,
380 3282 403 3318 o.
422 3269 468 3333 94.
482 3262 579 3316 Melius
594 3259 678 3315 dixis·
720 3259 832 3313 censuit.
854 3262 946 3315 Hono.
964 3295 1005 3307 —
1020 3264 1232 3323 Strutla‘ocamelau

75 3404 78 3411 ¹
166 3358 223 3409 set,
238 3339 284 3397 διὰ
308 3345 333 3397 τί
357 3342 409 3396 ὅσοι
428 3342 512 3414 λα’γνοι
538 3343 677 3413 reputari,
720 3338 990 3397 alterumalteum
1010 3364 1073 3398 nam
1087 3362 1231 3402 notastru·

165 3426 261 3485 aaaron
271 3426 296 3477 αἱ
309 3419 453 3494 βλιφιρὶὃις
462 3424 557 3495 §lausia
573 3424 617 3476 Ar.
721 3417 880 3473 tbioeamelo
892 3422 1020 3494 palpebra
1033 3427 1147 3497 gemina.
1161 3431 1209 3483 Aa.

207 3508 235 3557 6.
247 3504 398 3557 Encoeteris.
412 3500 676 3557 Ecaeterisaniman·
760 3498 848 3552 LVII.
874 3516 899 3553 1.
919 3502 978 3555 Ideo
994 3502 1068 3579 aeque
1089 3511 1231 3561 nictationes

166 3583 237 3647 tibus
251 3582 343 3637 uilium
361 3584 460 3637 habent
474 3582 610 3655 palpebris
631 3579 677 3636 ad·
721 3582 765 3643 iis,
781 3598 836 3649 quoe
855 3582 948 3634 andra!
967 3599 1093 3654 generant.
1116 3586 1155 3641 Ut
1176 3608 1230 3643 rea·

163 3665 290 3734 junctum
300 3664 398 3729 omnia,
407 3681 466 3735 qna
474 3661 542 3733 pilos
553 3660 678 3715 obtinent
719 3658 882 3730 partitiones.
899 3661 992 3718 Han.

165 3744 270 3815 reliquo
290 3744 318 3795 in
334 3760 464 3814 corpore:
482 3737 631 3813 βλεφαρίδας
649 3736 676 3793 δ’
763 3757 787 3791 a.
803 3738 933 3793 Graviores
942 3744 1036 3797 alitum.
1047 3746 1126 3801 Arist.
1143 3748 1189 3800 lib.
1202 3748 1231 3800 11

165 3823 207 3875 inl
226 3830 274 3876 τῶν
292 3825 415 3893 βλεφάρων
435 3824 501 3891 lpse,
519 3823 568 3875 ὅσα
590 3820 674 3890 τρίχας
719 3818 786 3872 Hirr.
803 3819 897 3873 asim.
911 3840 968 3895 cap.
985 3830 1034 3890 15,
1047 3844 1107 3898 pag.
1122 3844 1187 3891 arr,
1203 3840 1230 3882 et

164 3904 225 3971 ἔχει.
240 3902 317 3957 Arist.
332 3903 379 3955 lib.
393 3904 421 3955 Π
439 3901 473 3956 de
491 3901 564 3955 Part.
580 3900 674 3953 Anim.
719 3898 766 3952 lib.
778 3899 807 3951 ΙΙ
820 3898 855 3953 de
865 3900 966 3957 Prnih.
978 3922 1036 3977 cap.
1051 3907 1097 3964 13,
1113 3925 1143 3977 p.
1155 3906 1228 3976 993:

164 4000 224 4051 cap.
241 3989 288 4045 14,
301 4000 361 4053 pag.
379 3989 445 4055 994.
462 3983 551 4035 liano.
720 3980 818 4033 Mirum
840 3976 867 4032 δ’
882 3982 902 4034 d
924 3985 1006 4055 βαριῑς
1028 3992 1064 4055 τῷ
1082 3985 1151 4037 κάτω
1173 3987 1230 4051 btr-

206 4080 234 4130 7.
243 4059 293 4113 Sed
304 4062 502 4134 qiaeadrnpedr'bus.
509 4060 580 4114 Male
589 4058 676 4113 simias
719 4060 796 4131 pipp.
810 4058 844 4112 Id
858 4074 944 4116 tamen
960 4076 987 4117 et
997 4065 1025 4117 in
1039 4064 1097 4117 aliis
1107 4066 1231 4119 observa·

164 4141 262 4211 excipit
276 4141 439 4197 Harduinus.
450 4142 583 4195 Omnibus
593 4142 674 4211 quip·
719 4154 785 4193 tum.
802 4140 893 4193 Hsnn.
