3200 5159
575 470 735 539 esaan
761 472 828 542 rx.
1162 418 1249 563 ης,

162 588 285 671 terea¹⁴
298 600 375 670 bina
390 600 527 670 brachia
540 601 750 673 denticulatis
765 601 958 697 forcipibus.
980 601 1140 695 Superior
1156 625 1234 697 pars

162 710 197 776 in
221 705 424 802 primoribus
444 707 496 777 his
517 721 693 777 movetur:
712 709 867 779 inferiore
883 707 1056 777 immobili.
1069 710 1234 777 Dextrum

163 813 338 883 brachium
354 812 507 883 omnihus
522 800 669 908 majus¹⁵.
690 817 847 887 Universi
861 799 884 839 ¹⁶
903 813 1081 907 aliquando
1096 838 1234 907 congre·

162 934 284 1020 gantur
306 945 315 989 z
338 946 376 989 os
397 922 495 990 Ponti
517 922 668 990 evincere
689 946 758 991 non
775 922 913 993 valent:
935 921 1150 1014 quamohrem
1181 945 1232 989 re-

162 1028 265 1120 gressi
285 1028 510 1114 circumeunt,
526 1041 729 1122 apparetque
751 1030 865 1099 tritum
885 1030 956 1095 iter.

215 1130 464 1202 Pinnotheres¹⁷
479 1147 589 1202 autem
603 1148 743 1203 vocatur
759 1136 915 1205 minimus
930 1133 1077 1202 exomni
1093 1156 1229 1226 genere,
1249 1154 1264 1189 ²

162 1236 238 1307 ideo
255 1253 467 1332 opportunus
480 1241 616 1333 injuriae.
627 1242 714 1309 Huic
728 1241 859 1329 solertia
874 1255 925 1309 cst
942 1241 1089 1308 inanium
1107 1252 1232 1307 ostrea·

160 1370 236 1413 rum
259 1347 352 1415 testis
374 1369 409 1414 se
423 1333 599 1446 condere¹⁸
622 1372 630 1415 :
649 1361 684 1417 et
696 1373 800 1442 quum
819 1347 1022 1436 accreverit,
1039 1346 1186 1439 migrare¹
1196 1346 1230 1417 in

160 1451 360 1545 capaciores.

158 1694 282 1765 proxime
295 1695 392 1756 citato,
407 1711 467 1765 pag.
481 1692 551 1758 435,
566 1706 623 1747 tum
635 1694 668 1745 li·
712 1691 951 1765 Kepslstoedicitur
965 1648 1100 1767 Oppiino,
1110 1694 1226 1751 Halieut.

157 1775 210 1827 bro
223 1775 261 1837 V,
279 1793 337 1844 cap.
353 1792 385 1843 7,
397 1790 458 1844 pag.
473 1773 545 1834 535,
562 1774 619 1844 ipse
634 1785 671 1827 te·
712 1772 759 1832 lib.
770 1774 797 1837 1,
809 1774 914 1837 v.3ao;
925 1774 1041 1838 AEliauo,
1055 1773 1123 1827 Hist.
1134 1774 1225 1827 Anim.

157 1866 251 1907 statur.
259 1854 333 1919 Quin
342 1853 422 1905 etiam
432 1851 595 1917 adversatur,
605 1871 670 1923 prrs-
712 1851 759 1905 lib.
772 1853 844 1919 vn,
859 1870 917 1923 cap.
935 1853 983 1919 31,
996 1853 1121 1924 ιισρκινάς.
1134 1854 1224 1907 Nostri

158 1946 200 1985 ter
207 1933 387 1998 Aristotelem,
399 1951 441 1985 res
453 1931 525 2001 ipsa,
535 1950 618 2003 quum
628 1932 669 1984 ni·
711 1932 826 1985 Bernard
838 1932 940 1985 l’ermite
952 1932 1151 2003 cognominant.
1164 1935 1224 1986 lco-

156 2012 197 2065 hil
214 2010 345 2084 discrepet
365 2011 434 2064 inter
456 2030 565 2064 cancros
585 2030 669 2066 meres
711 2010 1226 2078 nemRondeletexhihet,lih.XV111,

156 2110 189 2145 ac
203 2092 315 2145 feminas
333 2092 414 2163 primi
427 2090 519 2162 pedis,
534 2104 564 2143 ut
578 2092 668 2145 ohser-
710 2109 734 2144 c.
750 2092 1048 2145 12.H.-Pinnotlreres.
1063 2092 1151 2157 Quem
1162 2092 1223 2163 pin·

155 2183 249 2224 vatum
262 2170 301 2225 est
315 2191 329 2223 a
343 2170 491 2242 plerisque,
502 2171 595 2223 forma.
609 2170 643 2223 H.
710 2170 850 2224 notherem
864 2171 915 2223 hoc
933 2172 992 2225 loco
1005 2170 1159 2243 descripsit,
1178 2170 1223 2223 ille

200 2257 247 2314 14.
258 2251 380 2303 Prolem
389 2252 470 2321 Arist.
482 2250 549 2302 Hist.
558 2250 606 2303 lib.
617 2250 668 2315 IV,
710 2262 758 2314 est,
768 2263 799 2303 ut
811 2252 880 2303 hene
891 2250 972 2303 Hasd.
981 2254 1127 2315 annotavit,
1139 2270 1225 2303 cancer

156 2348 218 2405 pag.
234 2332 402 2405 daoflanu.
709 2328 850 2385 Beraardus
866 2329 946 2383 Linn.
959 2331 1039 2401 vulgo
1064 2332 1086 2382 le
1111 2331 1225 2383 Bernard

201 2410 236 2463 15
241 2449 247 2462 .
268 2410 385 2463 Omnibus
402 2410 486 2478 majus.
501 2409 622 2462 Locustis
642 2422 669 2463 et
711 2403 827 2471 t'irmtn,
845 2410 944 2481 species
963 2410 1068 2481 generis
1084 2408 1157 2481 quod
1172 2428 1222 2463 no-

155 2490 270 2556 oencris,
277 2488 393 2561 nosen<
400 2487 441 2541 καὶ
448 2489 576 2558 καρκίνοις.
588 2489 668 2543 Arist.
709 2490 842 2543 minumus
853 2508 925 2542 nunc
935 2490 1110 2561 Pagurorum.
1119 2489 1170 2542 Hic
1180 2507 1222 2543 so·

155 2569 209 2623 loc.
229 2571 271 2623 cit.
291 2588 350 2639 pag.
373 2567 446 2632 432,
463 2581 489 2621 et
508 2566 542 2620 de
565 2568 666 2621 Partib.
710 2568 746 2621 let
759 2567 872 2623 caudam
889 2567 1003 2621 condere
1015 2569 1042 2621 in
1058 2569 1166 2623 conchis
1175 2586 1220 2621 ra.

155 2649 408 2709 anim.lib.1v,c.
427 2649 499 2718 8,p.
517 2644 597 2701 rodo,
609 2648 645 2701 H.
709 2648 766 2701 cuis
787 2648 963 2702 baccinorum
982 2661 1009 2701 et
1036 2648 1220 2701 univalrorum

200 2732 245 2781 16.
265 2728 534 2793 Universi.Cursores,
545 2720 667 2798 δρομίας,
708 2728 896 2798 quorumlibet.
911 2728 1042 2781 Ceterum
1056 2728 1132 2799 lapsu
1151 2726 1220 2782 cala·

155 2807 397 2879 quoniamlongius
412 2821 519 2871 errant,
532 2818 666 2877 atqueva·
708 2806 746 2859 mi
770 2806 929 2861 crediderim
949 2806 1037 2860 Plinio
1061 2819 1145 2860 ostrea
1168 2826 1219 2879 pro

155 2900 262 2957 gantur,
284 2905 393 2940 cancros
413 2884 566 2956 hujusmodi
590 2900 668 2940 vocat
708 2887 818 2939 conchis
833 2887 894 2940 dici.
910 2887 959 2940 Ille
969 2899 1007 2941 est
1024 2888 1167 2950 moderes,
1184 2885 1219 2939 de
1306 2884 1310 2889 ’

155 2967 288 3031 AEliauus,
304 2968 403 3019 Histor.
422 2968 513 3019 Auim.
532 2966 579 3019 lib,
596 2968 667 3032 Vll,
708 2966 879 3037 quohristot.
892 2967 940 3019 lih.
955 2967 991 3030 V,
1002 2984 1059 3037 cap,
1073 2966 1121 3027 15,
1141 2978 1167 3018 et
1185 2964 1219 3019 de

155 3064 214 3117 cap.
231 3053 282 3111 sd,
302 3046 330 3097 in
347 3047 408 3099 sinu
422 3043 541 3118 quodam
558 3046 666 3100 Thracii
708 3046 808 3099 Partib.
824 3046 912 3100 haim.
928 3046 1036 3111 lih.1V,
1050 3064 1109 3117 cap.
1125 3048 1152 3099 8.
1165 3044 1219 3099 Sed

154 3125 287 3197 Bosphori
300 3145 409 3178 narrans
428 3124 581 3195 singulatim
600 3144 666 3178 con·
707 3123 781 3178 aliud
803 3139 842 3179 est
862 3138 1026 3189 crustaceus,
1041 3144 1103 3179 vere
1124 3126 1220 3197 pinno-

154 3206 256 3277 gregari
280 3224 343 3269 eos,
366 3202 534 3258 advenientes
558 3218 666 3258 ceteros
709 3205 795 3258 theres
811 3204 894 3258 Arist.
910 3204 958 3258 lib.
975 3204 1057 3271 IV,c.
1077 3210 1111 3268 4,
1126 3216 1153 3257 et
1169 3204 1217 3257 lih.

152 3284 261 3337 interim
281 3284 399 3355 opperiri
419 3303 426 3337 ι
448 3282 666 3356 qnandoquidem
708 3284 751 3348 V,
766 3303 824 3355 oep.
844 3282 893 3350 rh,
911 3283 947 3335 de
966 3303 1020 3355 quo
1035 3302 1098 3336 mox
1115 3276 1151 3346 (c.
1169 3274 1218 3352 66)

153 3364 326 3417 vehementes
341 3364 466 3418 fluctues
489 3364 577 3415 Ponto
601 3384 665 3435 pro·
708 3364 804 3417 Noster
820 3363 872 3417 elio
884 3365 933 3417 suh
944 3363 1219 3419 nomineacturusest.

154 3456 298 3515 rumpant,
314 3445 362 3516 qui
382 3444 445 3496 illisi
462 3444 588 3515 angustiis
601 3463 665 3497 con·
707 3442 759 3495 llic
771 3462 867 3495 macer
880 3456 919 3496 est
928 3444 1037 3515 exiguus
1047 3460 1127 3514 quern
1141 3444 1169 3495 in
1179 3442 1221 3495 hi·

154 3525 236 3578 trario
256 3542 369 3576 occursu
387 3524 530 3576 subeuntes
556 3542 665 3576 cancros
707 3522 790 3594 velyis
805 3523 1011 3589 invenimus,ut
1024 3522 1161 3595 pinnis‚et
1169 3524 1219 3583 τοῖς

154 3605 340 3656 subverterent
365 3621 372 3655 :
396 3601 557 3674 demumque
585 3604 665 3656 simul
707 3604 809 3666 moola,
822 3600 868 3655 sed
885 3621 940 3655 non
955 3602 996 3655 his
1011 3603 1107 3657 vacuis
1122 3603 1220 3655 Deillu

153 3697 276 3736 conserto
284 3682 391 3753 agmine
402 3683 476 3753 aquis
487 3682 599 3749 relictis,
612 3696 665 3735 ter·
708 3682 766 3733 fuse
777 3700 892 3753 agemus.
908 3682 1027 3737 Cuvrsn.

153 3780 221 3815 reno
241 3762 336 3815 itinere
354 3763 486 3833 angustias
501 3780 544 3815 eas
559 3781 667 3833 supera·
752 3764 799 3815 18.
823 3761 964 3814 ostrearum
984 3765 1049 3815 testis
1068 3780 1093 3813 se
1112 3760 1220 3813 condere.

153 3860 193 3895 re.
207 3842 299 3895 llnnu.
709 3841 847 3895 Lucilius:
870 3868 881 3889 ι
894 3842 988 3895 Ostrea
999 3841 1071 3894 nulla
1085 3841 1153 3907 tuit,
1166 3858 1222 3893 non

199 3918 666 3993 17.Pinnetemtlnntspnntrist.
709 3940 844 3993 purpura,
858 3922 1046 3975 nullal’eloris.
1059 3946 1070 3967 ι
1082 3918 1222 3974 Afranius:

154 4001 223 4054 Hist.
241 4001 330 4053 Anim.
349 4002 395 4054 lib.
416 4002 465 4059 lv,
482 4019 541 4071 cap.
561 4007 592 4067 4,
606 4018 667 4072 pag.
715 4027 726 4048 ι
739 4002 877 4066 Conchas,
891 4001 1013 4065 echinos,
1029 4012 1128 4055 ostreas
1143 3998 1223 4052 mari·
1298 4002 1301 4007 '

155 4087 229 4151 448,
245 4080 329 4135 etlih.
341 4082 378 4148 V,
390 4099 449 4153 cap.
461 4087 513 4148 ι4,
524 4098 586 4153 pag.
602 4079 666 4151 576.
711 4099 766 4133 nas.
782 4107 793 4127 n
812 4082 917 4137 Duru.

502 4172 510 4199 Ι

1080 4173 1120 4257 81
