3200 5159
573 543 733 611 LIBER
758 542 822 609 lx.
1127 488 1130 493 Ι
1163 550 1226 645 ι47

161 674 363 771 perforando
383 672 507 767 reliqua
523 673 730 768 conchylia²¹
749 701 757 741 ε
776 688 869 743 tanta
895 672 1015 745 duritia
1038 676 1154 749 aculco
1169 696 1227 751 est.

162 786 256 876 Aqua
270 778 361 850 dulci
373 794 554 865 necantur,
575 794 609 850 et
617 781 721 850 sicubi
735 781 859 850 flumen
868 778 892 807 ²²
906 782 1131 877 immergitur:
1148 787 1229 857 alio-

160 890 218 982 qui
225 901 347 983 capta,
357 885 474 955 diebus
482 888 719 981 quinquagenis
731 889 848 955 vivunt
861 885 961 956 saliva
973 912 1042 958 sua.
1053 878 1228 963 Conchae'³

161 1018 278 1063 omncs
304 990 476 1062 celerrime
504 1007 681 1080 crescunt,
714 994 880 1088 praecipue
915 1018 1072 1090 purpurae
1100 1023 1108 1065 :
1141 1022 1229 1069 anno

162 1099 422 1195 magnitudinem
437 1097 585 1192 implent.

171 1274 176 1283 ,
214 1208 304 1274 LXI.
325 1203 428 1295 Quod
444 1206 472 1274 si
487 1205 649 1275 hactenus
669 1210 875 1273 transcurrat
892 1208 1072 1299 expositio,
1091 1208 1227 1280 frauda-
1249 1249 1260 1279 ι

162 1325 228 1380 tam
250 1312 402 1415 profecto
423 1334 458 1379 se
482 1309 612 1379 luxuria
633 1309 767 1393 credat,
790 1334 916 1405 nosque
937 1311 1150 1407 indiligentiae
1170 1316 1228 1386 da·
1283 1326 1285 1333 ’

162 1431 262 1486 muct.
274 1418 503 1507 Quamobrem
516 1440 753 1512 persequemur
773 1416 873 1490 etiam
897 1416 1065 1505 officinas,
1081 1435 1120 1490 ut
1139 1436 1227 1493 tarn·

161 1547 260 1617 quarn
278 1525 313 1593 in
327 1526 395 1593 vita
417 1522 551 1618 frugum
571 1524 719 1593 noscitur
741 1524 848 1609 rati03
865 1525 913 1593 sic
934 1549 1066 1613 omnes,
1085 1528 1142 1621 qui
1159 1529 1228 1599 istis

162 1629 325 1723 gaudent,
357 1630 492 1724 praemia
518 1631 593 1699 vitae
624 1626 714 1699 suae¹
740 1627 890 1697 calleant.
920 1630 1154 1701 Concharum³
1185 1634 1228 1709 ad

161 1760 324 1831 purpuras
354 1749 388 1804 et
412 1726 620 1829 conchylia(
641 1734 756 1805 eadem
785 1736 873 1805 enim
907 1751 958 1805 cst
990 1740 1145 1822 materia,
1170 1738 1227 1809 sed

160 1841 259 1911 distat
279 1837 594 1936 temperamento),
613 1840 681 1909 duo
702 1855 779 1910 sunt
795 1864 917 1935 genera
938 1867 946 1907 :
970 1844 1149 1912 Buccinum
1165 1848 1226 1913 mi·

160 1972 223 2015 nor
247 1932 413 2033 concha³,
433 1946 475 2015 ad
493 1946 738 2016 similitudinem
762 1935 852 2041 ejus⁴
880 1972 945 2041 qua
971 1947 1102 2020 buccini
1126 1974 1227 2019 sonus

161 2110 235 2164 facile
253 2124 292 2165 cat
309 2111 373 2167 aliar
392 2108 506 2163 conchas
524 2108 667 2180 perforare.
714 2106 849 2179 dispareo,
863 2128 918 2161 non
932 2107 1071 2163 dissimiles
1090 2113 1224 2181 conchas,

161 2192 202 2244 cf.
223 2192 374 2244 comment.
396 2188 538 2242 uortenda
559 2189 669 2241 baccini
714 2199 793 2240 nunc¹
808 2188 920 2259 signari,
942 2206 1012 2259 sepe
1027 2202 1103 2244 antea
1119 2196 1225 2247 monui-

161 2271 308 2324 Anatomia.
325 2270 442 2322 Corma.
713 2286 783 2320 mur.
811 2269 918 2321 Novum
946 2288 1027 2338 genos
1047 2288 1174 2341 purpura
1194 2294 1225 2329 ex

202 2370 246 2404 ar.
268 2351 370 2421 Reliqua
389 2348 520 2419 conchylia.
539 2346 598 2399 Hoc
618 2360 668 2412 err,
713 2348 824 2399 conchis
843 2348 945 2399 Oceani
964 2346 1139 2419 deprehendit
1164 2366 1226 2407 etas

161 2430 222 2481 elias
230 2429 358 2491 conchae,
376 2440 454 2499 atque
466 2425 532 2479 adeo
544 2426 668 2479 testaarui
712 2436 815 2490 nostra,
826 2426 859 2480 de
870 2444 923 2499 quo
934 2427 1094 2482 consulenda
1108 2430 1224 2485 Historia

161 2510 280 2581 generis,
298 2510 340 2562 καὶ
367 2509 394 2563 el
420 2510 509 2567 lauri<
532 2508 668 2577 ὄστρακον,
712 2506 1224 2583 RegiaScientiarum,anui1711‚png.

162 2590 238 2642 Arist.
248 2589 301 2642 loc.
311 2608 371 2659 rup.
382 2590 426 2640 cit.
440 2585 530 2639 liano.
719 2588 785 2639 168.
800 2587 891 2639 Hinn.

201 2664 473 2738 22.Etsicudiflumea.
482 2665 540 2718 Hoc
548 2676 668 2730 eat,uon
752 2667 780 2718 3.
800 2666 932 2717 Bucinum
958 2669 1036 2718 minor
1059 2668 1156 2721 concita
1184 2672 1225 2726 Ita

160 2748 187 2800 in
200 2748 356 2801 fluminibua
373 2743 468 2810 modo,
486 2744 532 2797 red
552 2745 580 2797 in
601 2743 668 2797 mari
711 2743 1224 2815 MSS.ueg.1‚2‚cotbert.1‚2‚eae-

160 2828 249 2887 «iam.
262 2846 318 2899 qua
328 2828 440 2883 intrant,
451 2824 668 2878 commiscentur·
711 2825 814 2895 aerique
822 2842 929 2877 omnent
941 2843 1055 2895 quorum
1069 2830 1224 2883 auctoritare

160 2926 212 2979 qne
224 2908 279 2960 calo
291 2906 412 2959 flumina.
424 2905 502 2957 Arist.
518 2903 585 2955 Hirr.
598 2904 668 2955 libro
711 2904 877 2974 posthabita,
892 2904 1063 2958 llondelctius
1083 2910 1161 2977 major
1179 2929 1222 2962 re·

160 2986 241 3052 vm,
250 3004 310 3058 cap.
321 2985 356 3038 ²5
365 3024 374 3052 ,
384 3003 442 3055 pag.
455 2984 521 3054 959.
534 2984 626 3035 liano.
710 2986 787 3053 ponit
800 3000 808 3035 ε
822 3002 972 3055 quanquam
984 2983 1057 3037 idem
1070 2987 1167 3041 latetur
1180 2989 1223 3042 in-

199 3066 244 3120 23.
257 3065 528 3129 &rchoe,etc.Arirt.
541 3062 666 3115 Hirtlib.
712 3075 752 3114 ter
782 3064 959 3116 huccinorum
982 3082 1079 3135 genera
1109 3084 1221 3137 parvum

161 3146 269 3216 Ἆρες.
288 3144 354 3215 573.
367 3146 456 3196 Hirro.
712 3143 842 3210 reperiri,
864 3142 936 3213 quod
956 3143 990 3196 sit
1009 3145 1117 3198 fortasse
1140 3147 1221 3201 Plinii

198 3226 271 3278 th.
291 3242 315 3277 r.
331 3224 436 3275 Ρναηία
451 3225 511 3275 oiroe
528 3241 585 3273 suae.
599 3220 667 3285 Qua
711 3220 864 3274 buccinum.
878 3221 1006 3294 Archippi
1019 3240 1137 3290 versam,
1149 3226 1223 3299 apud

160 3304 192 3357 rit
206 3316 300 3357 natur·
311 3304 495 3372 praemiorum,
508 3300 605 3371 quibua
615 3300 668 3353 vita
711 3299 813 3351 Athen.
833 3301 881 3353 lib.
901 3302 958 3363 ΙΙΙ,
977 3320 1037 3375 pag.
1054 3304 1104 3368 to,
1117 3309 1163 3376 qui
1176 3326 1223 3377 pa.

160 3384 292 3437 luxuriosa
304 3380 411 3453 gaudet·
427 3378 526 3433 Eadem
540 3382 594 3432 fere
608 3398 668 3431 ren·
710 3380 836 3431 trocinari
846 3380 934 3434 Plinio
943 3379 1222 3457 ridetur‚corruptura

160 3465 329 3535 tentiapmia
340 3462 439 3515 viandi
451 3460 518 3512 dixit
532 3460 599 3512 alter
611 3458 667 3512 Pli·
710 3461 810 3529 pariter
835 3460 970 3513 exclamat.
995 3460 1046 3513 Sed
1073 3481 1167 3518 vereor
1192 3478 1223 3519 ut

160 3544 235 3606 nior,
247 3544 295 3596 lib.
307 3543 336 3604 Ι,
351 3560 393 3613 ep.
409 3558 461 3593 xri.
472 3539 561 3591 liano.
711 3552 840 3609 quantum
853 3550 892 3591 est
902 3540 1040 3595 hominum
1048 3542 1222 3597 'eruditorum

201 3642 226 3674 a.
239 3622 398 3675 mmmmm.
406 3619 553 3689 Purpurei‚
565 3618 666 3689 inquit,
711 3636 845 3671 moenaum
857 3619 982 3673 obtineat.
997 3620 1088 3673 liano.

160 3702 373 3772 conchyliatiqne
378 3701 491 3764 colom,
498 3697 600 3768 duplici
606 3716 668 3750 con·
753 3704 779 3761 4.
790 3698 837 3750 Ad
847 3698 1024 3751 similitudinem
1036 3702 1101 3770 ejus,
1111 3720 1160 3773 qua
1168 3704 1223 3755 buo-

159 3782 267 3834 charum
282 3800 391 3853 genere,
403 3779 512 3832 baccini
527 3776 668 3845 videlicet,
711 3780 761 3829 cini
773 3798 845 3829 sonus
856 3779 942 3831 editur.
964 3780 1104 3832 Deroirere
1117 3799 1132 3833 a
1145 3782 1221 3835 MSS.

158 3874 184 3914 et
205 3878 349 3931 purpurae,
367 3860 546 3911 continentur.
568 3856 668 3909 Eadem
711 3858 833 3910 omnium
853 3857 907 3911 fide
926 3858 989 3910 libri
1008 3859 1148 3931 impressi,
1175 3863 1224 3932 qai

159 3940 229 3992 enim
250 3941 346 3993 baram
375 3938 539 3993 concharum
558 3936 669 3989 materia
712 3938 1144 4009 hunclncumricrepraesentant:
1160 3940 1222 3994 «Ad

159 4031 197 4072 eat
211 4038 217 4071 ι
232 4015 279 4073 ced
293 4017 396 4072 diversa
410 4032 497 4070 tamen
514 4016 596 4074 roris,
614 4015 669 4069 rive
713 4015 915 4070 similitudinem
938 4019 995 4089 ejus
1020 4017 1143 4082 baccini,
1169 4038 1224 4091 quo

158 4101 240 4165 rocci,
265 4109 452 4170 temperatura.
471 4097 602 4166 Purpura
622 4114 668 4147 aa·
712 4115 796 4150 aonua
807 4094 906 4149 editur.
921 4120 932 4142 ·
952 4096 1039 4149 Multo
1052 4100 1226 4153 ranerectius

159 4190 210 4230 tem
228 4192 256 4231 et
268 4178 402 4247 conchylii
423 4176 550 4237 woibor,
567 4176 669 4228 colores
715 4176 780 4245 neg.
794 4194 819 4239 r,
834 4175 973 4245 a,aliique
985 4194 1093 4243 omnes,
1104 4196 1171 4248 quor
1185 4198 1226 4232 se·

1006 4282 1069 4351 10²
