3200 5159
526 547 685 616 LIBER
717 547 784 614 xl.
1116 552 1194 645 499

178 675 541 752 LX1.Deutiumtrio¹
559 701 679 772 genero
695 703 704 748 ι
720 677 867 765 serruti¹,
879 691 939 746 out
953 679 1121 767 continui,
1134 698 1193 751 aut
1213 712 1225 748 ι

123 788 255 858 exserti.
278 788 401 856 Serruti
420 787 610 880 pectinatim
625 798 797 870 coeuntes,
811 809 854 854 ne
871 786 1037 855 contrario
1051 810 1193 873 occursu

125 908 311 966 atterantur
331 919 339 962 :
359 907 397 962 ut
418 892 642 987 serpentibus,
664 891 830 986 piscibus,
849 893 994 962 canibus.
1014 895 1193 982 Continui,

126 1015 164 1070 ιιι
181 1001 323 1085 bomini,
346 1023 442 1094 equo.
474 999 624 1085 Exserti,
648 1013 685 1066 ut
704 1022 809 1091 apro,
832 997 1097 1094 hippopotamo,
1126 999 1194 1068 ele·

126 1108 263 1202 phonto.
276 1107 540 1190 Continuorum,
558 1106 615 1200 qui
634 1089 803 1200 digerunt³
821 1104 949 1191 cibum,
968 1103 1026 1173 lati
1041 1119 1076 1175 et
1089 1109 1193 1176 acuti:

126 1215 184 1307 qui
205 1211 386 1286 conficiunt
394 1199 419 1298 ⁴,
438 1211 586 1307 duplices
605 1236 613 1278 :
639 1212 695 1306 qui
720 1196 969 1280 discriminant⁵
991 1235 1066 1298 eos,
1086 1214 1195 1282 canini

126 1317 345 1414 appellanturi
377 1319 421 1388 Hi
441 1333 519 1388 sunt
540 1302 692 1390 serratis⁶
712 1316 902 1412 longissimi.
932 1319 1109 1404 Continui,
1137 1334 1196 1388 aut

127 1440 268 1520 utraque
281 1439 376 1520 purte
387 1426 455 1494 oris
470 1439 566 1510 sunt,
584 1438 623 1494 ιιι
635 1449 721 1519 equo
740 1449 748 1491 ι
769 1436 828 1492 aut
841 1425 1011 1518 superiore
1031 1426 1195 1519 primores

129 1557 198 1602 non
214 1545 308 1618 sunt,
323 1546 361 1600 ut
377 1530 504 1618 bubus,
516 1531 654 1618 orbus,
676 1529 916 1624 omnibusque,
932 1555 1005 1624 quie
1017 1533 1196 1601 ruminent

127 1773 465 1848 pedes,eo&mquocoeteru
479 1793 640 1846 nore,proe·
727 1775 752 1828 3.
776 1775 830 1844 Qui
848 1773 969 1844 dignum.
993 1775 1053 1828 Hoc
1075 1789 1129 1842 cst,
1152 1778 1199 1849 qui
1318 1757 1321 1772 Ι

132 1854 533 1929 terqueinobliquum.l'rmiliurir
540 1855 641 1908 locutio
684 1851 823 1919 dividunt,
837 1866 866 1908 et
879 1852 1021 1908 incidunt:
1040 1854 1112 1908 uude
1130 1856 1198 1909 iuci-

133 1934 234 1992 Plinio.
257 1954 308 2006 pro
322 1947 508 2006 pratereoque,
525 1947 554 1987 ut
574 1952 641 2007 crepe
685 1952 756 1987 sores
777 1933 852 1987 dicti.
881 1932 967 1985 Iidem
989 1934 1119 2006 primores
1141 1936 1199 1990 sire

134 2015 295 2068 monuimus
312 2015 345 2066 Ar
364 2014 409 2066 hic
426 2013 579 2083 gravissimo
599 2033 642 2066 er·
685 2015 829 2067 anteriores
844 2012 985 2084 appellati:
1001 2013 1064 2066 item
1076 2019 1198 2084 γιλασῖιοι

133 2111 194 2150 rure
208 2094 274 2165 lapsi
285 2091 400 2146 editores
415 2092 595 2146 Pliuiunorum
609 2092 642 2146 li·
685 2092 963 2164 :Polluoe,quonium
973 2093 1043 2146 inter
1052 2091 1198 2148 ridendum

133 2175 245 2228 brorum
270 2191 378 2237 omnes,
395 2185 556 2245 preterquam
578 2173 643 2226 sori·
686 2172 766 2244 primi
783 2170 928 2226 nudantur.
948 2171 1013 2225 Huc
1026 2172 1109 2226 Arist.
1125 2172 1161 2227 H.

134 2267 259 2325 puerunt,
272 2253 350 2326 plone
362 2266 453 2306 contro
463 2253 578 2306 auctoris
588 2271 644 2306 scu·
728 2259 755 2316 ιι.
771 2251 824 2322 Qui
835 2251 971 2322 conficiunt.
987 2252 1116 2320 Molurer,
1131 2251 1198 2308 deu·

135 2335 265 2399 tentium,
286 2333 322 2386 itu
347 2343 378 2385 ut
403 2345 462 2398 eet,
485 2333 643 2396 sumentis,
688 2332 755 2384 tium
768 2333 908 2401 postremi,
930 2344 986 2384 tum
1002 2331 1197 2403 uligurmum

135 2409 539 2484 temeetrerquedrupedee,uon
548 2425 645 2466 utero·
687 2412 721 2464 ub
742 2429 791 2464 usu
811 2429 910 2464 nomeu
928 2409 1097 2465 babuerunt:
1117 2412 1200 2467 iurum

135 2491 254 2546 codilum
269 2491 433 2564 superiorem
446 2491 578 2545 maxillam
591 2510 645 2546 mo·
688 2491 759 2544 euim
781 2490 913 2544 molarum
938 2503 1081 2544 conterunt
1106 2492 1197 2546 cibum

136 2590 216 2637 vere,
231 2571 277 2626 red
296 2587 326 2626 ut
338 2585 431 2626 eutero
449 2571 555 2634 omniu,
576 2573 645 2626 inle-
687 2569 838 2644 precisum.
855 2571 948 2624 Hono.

136 2652 235 2706 cionem
249 2665 373 2706 tuntum:
390 2669 500 2724 eumque
518 2663 646 2722 pretereo
730 2650 756 2704 ⁵.
775 2649 827 2718 Qui
840 2650 1010 2701 disertnrbrent
1025 2667 1074 2701 eor.
1087 2649 1201 2705 Perver-

138 2733 167 2784 in
193 2731 334 2803 obliquum
358 2729 459 2786 ducere
484 2742 511 2784 et
540 2743 646 2784 contor-
689 2730 722 2784 tit
742 2728 920 2800 profliputque
938 2728 1076 2800 scriptorio
1097 2743 1201 2784 oenten-

138 2829 239 2882 quere,
259 2810 335 2866 utin
357 2811 468 2875 oribus,
489 2811 646 2876 canibusve,
690 2805 755 2862 tium
775 2808 977 2882 Duleeumpius,
988 2809 1035 2880 qui
1046 2827 1201 2864 eumemeu·

138 2887 219 2961 atque
233 2889 299 2946 uduo
314 2890 424 2944 bomine
440 2891 513 2961 ipso,
527 2887 652 2946 animum.
690 2887 749 2952 dut,
772 2901 798 2942 et
819 2888 984 2958 subintelligi
1005 2887 1083 2940 cibum
1110 2903 1202 2946 mouet

140 2983 243 3024 vertere
254 2971 350 3043 cuique
357 2989 476 3041 pronum
483 2982 530 3023 est.
542 2971 647 3023 Etrero
690 2981 824 3042 oportere.
844 2969 906 3021 Nou
925 2967 995 3020 vidit
1013 2966 1087 3040 opud
1101 2969 1203 3023 Aristo·

140 3051 204 3121 ἧος.
221 3069 249 3114 ι,
263 3069 294 3115 u,
307 3051 388 3104 Parin.
401 3063 450 3104 cto.
460 3061 594 3120 preterque
605 3068 647 3102 ex·
691 3047 768 3103 telem
781 3048 850 3118 legi,
860 3046 895 3101 de
907 3047 978 3100 Part.
990 3048 1081 3102 Auim.
1091 3048 1139 3101 lib.
1150 3051 1201 3114 IV,

142 3129 259 3182 bibent:
279 3129 324 3183 sed
343 3144 370 3184 et
382 3149 449 3195 vox,
466 3129 646 3202 quadrupedes,
691 3147 749 3199 cap.
767 3147 791 3190 r,
803 3145 863 3198 pop.
881 3145 938 3197 999
954 3148 960 3179 ι
975 3118 1086 3199 ὁρίζωσι
1103 3124 1134 3182 dl
1146 3131 1202 3183 lue·

139 3209 168 3262 iu
184 3206 277 3262 iisdem
292 3209 384 3264 deest:
401 3221 431 3262 ut
446 3213 562 3261 terrestris
580 3209 649 3261 forte
692 3209 774 3278 ripouc
786 3208 807 3260 ol
821 3202 973 3272 uuro'domr,
986 3208 1057 3276 ploos
1067 3210 1113 3267 τὴν
1130 3211 1199 3279 φύσιν

139 3288 191 3359 legi
209 3300 345 3359 oportent,
365 3287 501 3341 crocodilo
518 3287 649 3342 subintel·
692 3288 812 3358 luurlpor
829 3288 913 3352 ὄντες,
924 3300 974 3340 etc.
990 3287 1133 3342 ΗΜ-
1151 3290 1204 3358 Qui

140 3368 209 3422 lecto
219 3385 226 3420 ι
238 3386 299 3426 uum
312 3366 346 3420 de
357 3367 479 3422 fluviatili
490 3369 576 3422 solum
590 3367 651 3420 Phi·
693 3368 868 3420 discriminant.
883 3367 939 3432 Qui
961 3379 1098 3437 seponunt,
1115 3365 1204 3422 deter-

139 3447 266 3518 loeopbus
279 3446 307 3501 id
320 3445 420 3520 prodit.
434 3448 525 3502 lirun.
693 3447 808 3512 minent,
816 3444 993 3518 dividuntque
1006 3446 1133 3517 prioreru
1148 3467 1205 3500 mo·

180 3526 652 3582 LXI.1.Dentiumtria.Trudiditbuc
694 3526 792 3580 laribus
807 3545 816 3576 ι
827 3526 881 3578 ritu
889 3527 957 3580 inter
967 3539 1093 3598 utrosque
1101 3525 1183 3580 medii
1195 3547 1203 3581 :

142 3608 221 3662 Arist.
232 3607 329 3661 libili
336 3605 371 3660 de
377 3607 531 3661 Pert.Au.c.
542 3626 566 3660 r.
577 3608 653 3662 H.-
696 3605 784 3660 osuini
797 3603 877 3669 dicti,
895 3606 931 3657 ob
942 3618 1045 3658 ecutnm
1062 3604 1204 3674 duritiem,

143 3686 206 3741 vid.
216 3687 653 3751 ExcurcdeDmrtthntmadm,
696 3698 722 3739 et
737 3704 816 3739 urum
831 3683 922 3756 :quod
936 3685 1007 3738 enirn
1023 3685 1154 3757 primores
1167 3684 1207 3739 di-

142 3767 177 3822 td
192 3767 273 3820 linem
286 3768 396 3838 hujusce
416 3767 494 3832 libri,
508 3786 568 3839 pag.
588 3766 652 3820 603.
695 3765 786 3818 ridere
806 3777 955 3837 nequeunt,
974 3765 1003 3818 bi
1021 3765 1204 3837 confringunt.

184 3846 654 3918 n.Serratl.VisumureAEtbiopem,
699 3845 817 3899 Oculum
835 3845 930 3916 vulgus
953 3845 1076 3915 appellet.
1102 3845 1205 3898 Horum

142 3927 187 3980 cui
208 3923 299 3980 deuter
320 3927 429 3992 serrati,
455 3945 505 3980 ceu
527 3926 653 3992 cunibus,
697 3923 799 3978 radices
811 3925 951 3978 aldulmo.
965 3922 1056 3979 Hono.

144 4008 248 4070 forent,
262 4006 353 4060 ruribit
367 4008 397 4060 Α.
410 4005 586 4072 Benedictus,
597 4005 653 4058 luu-
738 4009 765 4059 Β.
783 4005 822 4056 Ηί
833 4017 890 4057 runt
904 4006 1010 4057 serratis.
1031 4004 1067 4056 lie
1087 4003 1209 4056 animoli-

144 4085 221 4142 dutus
235 4105 251 4140 n
267 4085 431 4151 Seli-ebio,
445 4085 492 4139 lib.
508 4087 521 4140 1
539 4085 650 4142 Obrerr.
698 4084 758 4148 buo,
770 4085 869 4156 quibus
879 4097 940 4137 eunt
954 4083 1047 4137 dentes
1057 4082 1165 4148 serrati,
1179 4096 1211 4136 ut

145 4164 244 4222 Medic.
256 4181 314 4235 με.
332 4182 398 4234 ¹17.
409 4164 498 4220 Hono.
700 4165 877 4234 serpentibus,
889 4163 1006 4218 cunibus,
1020 4163 1113 4215 lirun.

1018 4267 1084 4340 32²
