3200 5159
594 509 752 576 LIBER
777 509 819 575 X.
1167 504 1237 593 343

176 635 395 720 rhinoceroti,
424 633 530 720 leoni,
553 635 733 733 dasypodi,
757 634 937 723 cuniculis,
960 635 1100 732 quihus⁹
1123 661 1240 711 aversa

177 740 340 836 genitalia.
356 740 482 812 Cameli
497 744 596 812 etiam
607 742 631 767 ¹⁰
648 743 854 828 solitudines,
869 758 927 813 aut
941 758 1068 814 secreta
1081 759 1172 814 certe
1182 770 1241 839 pc·

178 863 274 918 tunt:
293 873 400 942 neque
415 849 615 919 intervenire
631 850 728 920 datur
744 853 814 922 sine
830 848 1019 945 pernicie¹¹.
1041 852 1157 920 Coitus
1169 865 1241 920 tota
1313 907 1317 913 .

177 953 288 1023 die¹²t
311 955 413 1024 ethis
432 969 561 1025 tantum
583 981 623 1026 ex
645 958 821 1044 omnibus,
838 957 959 1051 quibus
980 955 1085 1027 solida
1106 956 1240 1052 ungula.

178 1064 219 1128 lu
238 1059 490 1156 quadrupedum
511 1086 631 1156 genere
648 1088 756 1133 mares
773 1063 915 1134 olfactus
927 1063 1080 1132 accendit
1089 1049 1123 1132 ¹³.
1138 1067 1242 1133 Aver-
1335 1139 1337 1144 ,

178 1155 326 1236 tuntur¹⁴
343 1182 376 1236 et
390 1191 507 1255 canes,
526 1169 661 1262 phocae,
679 1169 763 1265 lupi,
783 1172 819 1240 in
838 1169 1013 1264 medioque
1029 1171 1137 1254 coitu,
1156 1171 1242 1238 invi·

178 1273 267 1367 tique
279 1275 378 1344 etiam
393 1273 568 1344 coherent.
592 1279 700 1370 Supra
714 1262 912 1346 dictorum¹⁵
932 1275 1097 1370 plerisque
1113 1275 1242 1346 feminas

178 1447 241 1492 nus,
255 1444 481 1500 cap.xxrrr,pag.
496 1430 568 1483 50:-
582 1431 686 1485 Coeunt
729 1445 783 1485 tota
805 1431 901 1485 diceet
915 1442 1017 1484 tantum
1041 1430 1086 1496 iia,
1109 1443 1184 1484 etc.»
1202 1463 1242 1474 --

178 1507 260 1560 eremi
279 1509 369 1561 leones
381 1527 449 1561 :nec
467 1509 495 1560 hi
508 1522 624 1572 tantum,
641 1510 686 1565 sed
731 1511 815 1564 Coitae
825 1512 929 1564 totadie.
940 1511 1055 1564 Camelis
1062 1505 1243 1567 scilicetzdtn·

176 1588 280 1658 lynces,
293 1600 321 1640 et
335 1587 441 1656 carneli,
453 1599 479 1640 et
492 1589 643 1658 elephanti,
661 1603 687 1643 et
729 1593 822 1661 μιριὺιι
835 1592 863 1644 ri
883 1590 927 1661 pis
947 1592 1040 1658 δχιῦον,
1052 1592 1081 1643 ri
1093 1583 1242 1662 δ’ὸχιυόμι·

176 1667 369 1731 rhinocerotes,
379 1679 406 1719 et
419 1667 506 1738 tigres.
518 1692 529 1713 ·
540 1670 687 1736 camelum,
730 1689 777 1723 ιον.
794 1669 886 1723 Hero.

177 1747 298 1817 lyncem,
312 1748 429 1811 leonem,
440 1745 601 1820 dasypodem
611 1791 618 1812 ,
628 1747 688 1802 red-
773 1751 818 1803 ra.
832 1750 863 1802 ln
878 1748 1057 1821 quadrupedum
1065 1766 1152 1818 genere
1166 1767 1242 1800 mem

176 1825 241 1878 dere
250 1837 396 1879 retrorsum
403 1828 522 1891 urinam,
533 1841 611 1899 atque
622 1827 687 1882 adeo
730 1827 834 1897 olfactus
839 1830 956 1882 accendit.
963 1827 1159 1897 Inquibusdam
1165 1827 1242 1882 MSS.

177 1905 275 1958 habere
300 1923 390 1959 aversa
413 1907 553 1977 genitalia,
572 1927 687 1978 quanm
730 1907 945 1979 antecedit,quod
956 1907 1122 1961 necrationis
1131 1907 1242 1979 quidem

176 1985 263 2038 officia
281 1983 336 2037 duo
349 1999 425 2050 sunt,
438 1986 552 2040 coeundi
568 1989 686 2042 urinam·
728 1988 784 2059 ipse
797 2001 928 2041 structura
939 1988 1048 2058 patitur.
1060 1984 1093 2038 ld
1105 1997 1177 2040 certe
1186 1987 1242 2039 Pli-

176 2083 228 2135 que
238 2063 382 2126 reddendi,
407 2064 483 2119 docet
496 2067 603 2120 Aristot.
619 2068 687 2120 ttist.
729 2068 789 2121 nius
802 2067 950 2138 significare
962 2066 1062 2131 voluit,
1075 2064 1149 2137 quod
1159 2067 1244 2120 etCo·

180 2145 268 2196 Anim.
280 2144 328 2196 lib.
354 2146 381 2196 11
391 2185 398 2211 ,
416 2163 478 2216 cap.
497 2165 529 2215 9,
549 2165 607 2219 pag.
625 2151 686 2202 180.
729 2147 851 2204 lamella,
862 2147 909 2198 lib.
926 2147 982 2212 vt,
999 2163 1057 2217 cap.
1069 2149 1124 2198 ²0:
1139 2145 1242 2210 «Quod

175 2223 250 2275 Idem
264 2223 452 2291 nihilominus,
463 2225 525 2278 licet
536 2225 563 2278 in
575 2228 687 2280 iniracu-
730 2226 751 2278 si
761 2224 928 2280 admissarius
935 2226 1005 2278 iners
1015 2224 1044 2277 in
1051 2226 1185 2277 Venerem
1195 2237 1242 2292 eet,

177 2305 280 2372 penurie
300 2304 430 2357 mmelum
446 2319 594 2370 censeat,a
616 2325 688 2359 mare
729 2305 813 2359 odore
825 2307 983 2377 perfricatur
1001 2302 1111 2358 detersis
1133 2306 1244 2376 spongia

176 2383 212 2434 ait
224 2384 366 2454 superiniri
390 2384 516 2438 feminam
526 2405 535 2450 ;
549 2397 575 2437 et
588 2386 622 2438 ab
634 2387 686 2438 ele·
729 2386 835 2438 feminae
856 2385 936 2449 locis,
959 2399 986 2438 ct
1011 2382 1115 2436 admota
1134 2383 1243 2439 naribus

176 2463 275 2531 phante
299 2461 408 2536 quidem
436 2465 635 2528 ambulantem,
658 2481 688 2518 ac
729 2466 799 2536 eqni.
812 2490 823 2512 ι
839 2465 874 2518 Et
887 2483 945 2535 cap.
961 2465 1013 2518 23:
1027 2489 1038 2510 ι
1049 2463 1242 2536 Eliciturcupi·

176 2539 371 2607 discedentem,
385 2555 415 2595 nt
430 2543 464 2596 de
479 2545 564 2596 vaccis
575 2561 638 2596 mox
647 2543 687 2597 di·
730 2542 798 2598 ditas
811 2542 895 2598 odore
905 2543 1060 2615 genitalium
1073 2541 1181 2596 admoto
1195 2563 1243 2598 nav·

174 2633 259 2684 cetur,
270 2621 338 2674 nist.
349 2622 437 2676 Anim.
449 2623 494 2677 lib.
503 2624 540 2690 V,
550 2643 609 2696 pag.
621 2623 685 2688 5²4.
729 2624 813 2677 ribus.
826 2649 837 2669 ι
853 2653 892 2664 -
900 2624 1014 2690 Olfaetus
1023 2622 1139 2674 aremus.
1152 2623 1243 2678 'Itala-

176 2701 261 2771 Igitur
273 2701 301 2752 in
315 2715 428 2773 unoque
439 2703 491 2755 hoc
499 2721 603 2774 genere,
614 2721 687 2756 aver·
729 2703 817 2756 titium
832 2715 883 2769 est,
898 2702 970 2773 quod
981 2701 1135 2755 Herodotus
1145 2701 1243 2768 refert,

175 2781 317 2851 sequidem
327 2781 483 2836 feminaeat:
492 2784 686 2837 masnonitem.
730 2783 837 2846 ΤῙιιιΙίι,
848 2783 895 2836 lib.
910 2783 967 2849 111,
981 2802 1009 2854 p.
1024 2784 1096 2851 198,
1108 2777 1145 2833 dc
1155 2779 1243 2834 OEba·

175 2859 340 2931 Philocopho
353 2862 492 2915 subscribit
501 2863 641 2928 Albertns,
654 2861 688 2915 dc
729 2881 760 2916 rc
780 2863 924 2934 equisone,
945 2863 992 2934 qni
1011 2862 1120 2914 naribus
1135 2861 1243 2915 Dariani

175 2940 262 2993 Anim.
274 2940 321 2993 lib.
334 2941 371 3005 V,
381 2959 438 3009 cap.
458 2959 559 3013 r,pag.
574 2947 636 3011 176.
652 2944 685 2995 ll.
730 2943 791 3013 equi
803 2941 909 2995 admota
919 2961 1013 3006 manu,
1026 2959 1079 3012 qna
1087 2940 1161 3013 prius
1169 2959 1243 3011 equas

217 3038 243 3089 9.
260 3020 353 3090 Quibus
361 3039 453 3074 ovemoe.
466 3023 544 3074 Arist.
555 3039 613 3093 pag.
624 3028 686 3083 520.
730 3023 854 3092 genitalis
864 3033 1027 3085 attrectaret,
1040 3020 1074 3074 ad
1086 3018 1176 3072 odoris
1184 3037 1242 3072 sen·

174 3097 361 3169 ὀπισθοιιριιτικὰ
374 3113 468 3164 vocat,
483 3119 542 3171 qum
549 3113 621 3154 retro
632 3101 687 3154 uri·
729 3121 804 3166 sum,
818 3101 926 3154 hinnitu
934 3119 950 3154 a
959 3117 1032 3153 mare
1040 3112 1097 3152 tum
1105 3098 1192 3165 edito,
1203 3118 1244 3153 rc-

175 3196 236 3230 nam
248 3177 375 3231 reddunt.
396 3179 488 3232 liano.
729 3180 906 3251 gnum'Dario
926 3178 1038 3250 peperit.
1053 3178 1144 3231 Haan.
1177 3194 1181 3200 ’

219 3275 261 3310 ιο.
282 3257 376 3310 Cameli
396 3263 476 3312 etism.
496 3258 605 3312 Aristot.
625 3277 686 3330 pag.
773 3264 817 3322 14.
834 3259 991 3312 Annuutar.
1003 3256 1169 3323 Aristoteles,
1183 3275 1242 3330 pag.

178 3337 244 3400 διά.
259 3335 348 3390 Ηιιιιι.
731 3335 795 3391 5ι5.
812 3337 903 3392 Hanc.

218 3415 327 3469 resine
336 3419 448 3487 pernicie.
460 3419 636 3489 Praeterquam
648 3437 687 3470 ar·
772 3418 818 3471 15.
844 3416 924 3490 Supra
946 3417 1062 3468 dictcmm
1075 3417 1195 3490 plerisque
1203 3417 1246 3484 se·

176 3496 320 3560 mentatio,
330 3497 408 3555 ἀλλ’ἢ
424 3503 459 3570 τῷ
474 3499 595 3564 dicasset.
606 3497 685 3550 Arist.
730 3501 801 3550 mium
810 3500 904 3569 priores
915 3501 1031 3559 veniunt,
1049 3496 1145 3569 reliquii
1157 3516 1240 3548 mores.

175 3576 297 3628 Albertus
310 3577 404 3642 etiam,
416 3575 451 3630 dc
459 3577 573 3630 Animal.
582 3577 687 3641 tib.v1‚
730 3579 804 3630 Dura
816 3577 969 3649 castigatio,
984 3595 1039 3628 ιιοιι
1053 3573 1243 3630 dissimulanda

175 3667 250 3708 unet.
271 3656 304 3718 3,
322 3674 382 3727 pag.
401 3671 506 3726 207,et
515 3657 562 3709 lib.
577 3657 612 3722 V,
624 3675 685 3729 pag.
730 3669 827 3711 tamen.
835 3657 903 3710 Puto
910 3657 980 3710 enim
988 3655 1244 3722 scribendum‚·Da·

179 3741 242 3804 176.
259 3735 350 3789 Ηιιιιι.
730 3735 863 3808 sypodum
887 3737 1004 3790 maribus
1014 3736 1119 3789 feminae
1138 3736 1243 3805 priores

219 3831 263 3867 ra.
279 3815 362 3868 Coitae
376 3825 427 3866 tots
439 3815 497 3868 die.-
512 3817 583 3868 ethis
595 3827 687 3868 tentius
730 3816 936 3888 superveniunt,
948 3813 1243 3888 reliqnismaresadri·

174 3914 205 3945 ee
215 3893 329 3959 omnibus,
337 3895 420 3966 quibus
429 3895 507 3947 solida
516 3897 615 3966 ungula.
624 3896 687 3949 ttaeo
730 3896 835 3949 stoteles
844 3935 852 3961 ,
861 3897 930 3949 libro
941 3896 1042 3967 quinto,
1056 3895 1141 3965 capite
1150 3912 1244 3946 secun·

174 3974 276 4025 sincera
289 3986 328 4026 est
343 3973 424 4027 lectio
435 3974 558 4029 codicum
570 3977 635 4048 lleg.
655 3995 666 4028 ι
679 4015 686 4040 ,
731 3975 780 4029 do:
792 3975 861 4030 «Sed
869 3988 1007 4048 qumretro
1014 3974 1118 4028 urinam
1126 3973 1245 4037 mittunt,

178 4071 209 4118 ις
221 4053 297 4105 Colb.
316 4072 346 4119 1,
361 4071 375 4106 a
388 4072 396 4119 ;
409 4055 491 4108 Paris.
506 4055 623 4109 Clrilllet.
634 4057 687 4108 Dc·
732 4073 822 4109 aversa
835 4069 948 4120 coeunt,
962 4066 994 4108 ut
1011 4055 1113 4116 leones,
1132 4051 1245 4126 dasypo-

175 4145 280 4204 pravata
286 4133 412 4188 hactenns
424 4133 567 4200 editorum,
580 4135 688 4189 ·Coitus
734 4135 798 4200 des,
810 4136 907 4208 lynces.
922 4132 1097 4207 Dasypodnm
1112 4133 1190 4187 etiem
1207 4133 1245 4186 l'e·

1018 4228 1087 4310 22⁴
