3200 5159
492 583 495 588 r
583 522 740 590 LIBER
766 521 808 588 X.
1158 519 1226 616 337

67 667 69 670 ’
160 641 375 747 pellos⁴⁰.,Hi
392 653 426 720 in
443 639 561 721 οοιιιιΔι
581 667 757 748 anguntur.
786 654 902 720 Mures
924 649 1057 744 quidem
1075 677 1153 722 cum
1171 679 1230 722 vo·

159 759 302 828 ciferatu
312 757 504 853 sanguinem
520 760 617 828 etiam
631 785 672 827 ex
686 757 791 828 oculis
808 756 1022 853 profundunt.
1034 757 1229 830 Ncc'minus

164 889 253 960 aegre
268 867 402 961 pariunt
415 864 567 958 gravidae.
585 864 703 959 Aquila
717 865 849 934 tricenis
860 853 884 896 ⁴¹
902 863 1017 932 diebus
1031 865 1183 953 incubat,
1196 882 1228 936 et

161 970 234 1040 fere
249 971 389 1064 majores
404 969 497 1045 alites
518 996 525 1037 :
548 972 693 1040 minores
711 972 861 1057 vicenis,
886 984 923 1038 ut
951 968 1071 1040 milvus
1093 984 1125 1040 et
1148 974 1229 1042 acci·

161 1079 260 1172 piter.
284 1074 437 1171 Singulos
451 1061 553 1144 ΐιιιέ63
569 1078 671 1170 parit,
692 1101 872 1170 numquam
885 1075 958 1171 plus
973 1090 1086 1146 ternos
1102 1093 1109 1134 ³
1130 1077 1229 1172 isqui

162 1182 296 1278 aegolios
316 1169 503 1269 vocatur⁴⁴‚
523 1197 720 1275 quaternos:
735 1207 856 1252 corvus
873 1169 1082 1276 aliquando⁴⁵
1102 1197 1135 1252 et
1152 1187 1229 1277 qui-

162 1437 221 1492 dea.
233 1439 302 1506 Hinc¹
320 1451 414 1511 poeta,
425 1465 436 1486 ι
451 1457 530 1508 supra
548 1439 618 1491 rotat
632 1457 673 1492 ar·
717 1435 810 1502 aliter)
826 1436 966 1510 quadrabit
984 1435 1019 1490 ad
1040 1456 1156 1510 unguem
1170 1459 1230 1494 ror·

162 1517 213 1571 dea
225 1517 334 1571 nubem.
347 1543 358 1565 ι
372 1519 451 1570 Hunc
458 1519 491 1569 ab
501 1518 580 1570 insita
590 1518 673 1588 pigri·
716 1518 800 1570 rectio
811 1517 976 1589 sequentinm
986 1518 1139 1570 verborum.
1147 1519 1227 1574 Puer.

163 1598 215 1662 tis,
224 1599 304 1662 ὁκνὸν,
321 1597 461 1668 ignavum,
473 1615 528 1650 esse
540 1598 674 1666 cognomi·
759 1597 806 1660 43.
819 1595 934 1665 Singulas
938 1598 993 1662 sere
1006 1600 1085 1666 parit,
1102 1617 1228 1670 numquam

160 1689 268 1743 natum,
281 1676 432 1730 Aristoteles
453 1674 540 1729 tradit.
557 1676 672 1737 Nostris,
713 1677 769 1746 plns
781 1688 867 1728 ternos.
882 1674 925 1728 Ad
939 1677 1054 1747 aquilam
1072 1677 1130 1730 hacc
1145 1681 1228 1749 perti-

163 1756 331 1820 bntorddron
341 1775 479 1827 parnassus.
494 1759 674 1824 Aucupesvoc
716 1768 796 1820 nent,
810 1775 865 1808 non
887 1753 922 1810 sd
936 1757 1064 1820 milvum,
1077 1769 1107 1808 nt
1125 1759 1228 1812 censuit
1316 1785 1321 1808 t

162 1835 314 1906 appellant,
328 1855 343 1888 a
356 1854 421 1888 voce
434 1854 511 1906 quam
524 1835 627 1887 emittit.
638 1835 672 1887 H.
716 1834 869 1898 Pintianus,
883 1835 947 1906 qni,
959 1835 1031 1886 huuc
1044 1835 1133 1888 locum
1149 1850 1179 1889 ut
1188 1838 1228 1889 in-

206 1921 250 1977 lo.
272 1915 362 1968 Pallor.
377 1915 481 1980 Πελλος,
500 1916 602 1976 fuscus,
618 1913 673 1965 sive
716 1912 1227 1986 telligeret,depraravit,verbispartim

161 1992 248 2064 niger.
264 1994 350 2049 Ardea
363 1994 466 2048 cinerea
478 2005 531 2059 est,
541 1995 611 2044 lre'mn
622 2012 673 2043 cen·
718 1994 893 2063 transpositis,
905 2007 997 2046 contra
1006 1994 1126 2046 omnium
1140 2013 1229 2056 exem·

162 2073 215 2126 dra.
230 2075 269 2126 De
285 2092 315 2126 ea
328 2074 476 2130 Bellonius,
491 2073 537 2125 lib.
549 2073 598 2137 IV,
613 2091 671 2142 cap.
716 2072 831 2142 plasium
845 2071 943 2137 fidem,
959 2072 1055 2142 partim
1069 2074 1148 2125 etiam
1161 2093 1229 2127 non-

83 2156 88 2166 ‘
166 2170 194 2203 a.
210 2153 299 2206 Hann.
477 2162 484 2175 '
716 2151 795 2204 nullis
811 2153 932 2216 mutatis,
953 2152 1067 2203 inhunc
1092 2151 1227 2206 modum:

205 2233 299 2306 ⁴¹21st
311 2235 336 2282 in
346 2235 417 2282 coitu.
433 2233 518 2284 Ililnn
533 2232 670 2294 nimirum,
720 2258 731 2278 ι
745 2232 864 2284 minores
881 2232 995 2295 vicenis,
1011 2243 1040 2282 ut
1063 2232 1188 2303 accipiter
1202 2248 1229 2285 et

162 2311 220 2364 sire
233 2311 344 2364 cinerem
366 2309 459 2362 arden.
481 2310 588 2362 Ariston
601 2310 672 2363 enirn
716 2311 820 2363 milvus.
841 2309 894 2364 Sed
915 2311 959 2363 lric
977 2309 1054 2363 binos
1066 2311 1121 2364 fere
1139 2313 1225 2381 parit,

163 2390 275 2442 totidem
287 2391 388 2454 verbis,
397 2389 456 2441 loco
465 2389 544 2440 citato
555 2407 561 2440 :
573 2391 671 2442 Τούτων
716 2403 784 2442 etc·-
797 2390 853 2442 Nec
862 2392 942 2442 refert
952 2389 1025 2460 quod
1035 2389 1106 2443 idem
1114 2391 1226 2457 Plinius,

91 2473 99 2494 “
163 2470 523 2536 ὁπωοςχσλιπῶςεὺιάζιιτι
534 2469 574 2520 stul
585 2471 672 2535 ὀχεύει,
715 2487 773 2538 cap.
792 2475 808 2532 4
828 2469 893 2521 libri
904 2470 1001 2539 hujus,
1025 2471 1101 2522 binos
1122 2471 1226 2524 excludi

163 2561 214 2600 etc.
225 2549 310 2619 Negat
318 2560 405 2600 tamen
417 2547 444 2600 id
454 2567 509 2600 esse
521 2565 612 2600 verum
625 2548 672 2599 ΑΙ-
715 2549 803 2619 pullos
811 2549 844 2600 ah
857 2549 944 2619 aquila
953 2546 1033 2613 dixit,
1045 2560 1133 2602 ternos
1147 2552 1226 2604 inter·

162 2627 254 2681 bertus
266 2624 676 2688 M.flist.tuim.tin.xxxl11,'
716 2626 781 2679 dum
791 2645 798 2680 ε
807 2627 859 2680 hoc
871 2628 942 2680 enim
950 2627 1038 2697 ipsum
1046 2639 1073 2679 et
1081 2647 1155 2681 nunc
1163 2648 1226 2682 con·

163 2725 224 2778 pag.
246 2711 318 2772 614,
337 2709 402 2760 visas
418 2727 433 2760 a
453 2724 480 2759 ac
491 2707 585 2777 sapius
598 2707 672 2758 coire
714 2707 808 2760 litetur
822 2705 983 2778 quandoque
997 2708 1165 2778 contingere,
1179 2710 1226 2778 qni

161 2783 254 2840 ardeas
274 2799 446 2850 contestatus,
465 2786 578 2839 nectale
593 2784 671 2856 qnid·
715 2787 770 2839 fere
788 2799 875 2838 tamen
888 2805 918 2838 ac
938 2787 1094 2857 plerumque
1109 2789 1226 2859 singulos

163 2885 243 2937 quam
256 2879 400 2936 expertum.
415 2867 507 2919 Hann.
714 2879 816 2920 tautum
829 2865 873 2937 egli
887 2866 1053 2937 pronunciat

205 2951 251 3008 4²·
265 2947 358 3018 Aquilo
370 2949 463 2998 tricenis
471 2945 551 2997 diebus
563 2943 670 3010 incubat,
756 2952 802 3010 44.
816 2947 842 2998 Is
861 2950 903 3018 qni
914 2946 1012 3014 oegolt'os
1027 2957 1143 3011 vocator,
1164 2967 1224 3018 qun·

163 3027 245 3092 atsere
256 3028 354 3095 majores
364 3026 449 3078 ols'tss:
462 3029 561 3076 minores
572 3028 671 3089 vicenis,
715 3036 802 3080 ternos.
819 3025 900 3078 Abest
913 3025 970 3078 htec
987 3025 1130 3078 clausulas
1145 3025 1223 3080 MSS.

163 3117 192 3156 ut
207 3105 289 3156 milvus
307 3118 332 3156 et
350 3108 470 3176 accpiter.
497 3102 672 3158 Scriheudum
715 3104 850 3166 omnibus,
866 3123 933 3175 qnos
954 3103 1063 3175 quidem
1083 3123 1163 3176 penes
1181 3125 1225 3159 me

162 3203 219 3237 non
232 3187 338 3244 minores,
350 3183 397 3238 scd
406 3185 541 3247 mediocres,
551 3202 581 3236 ex
592 3183 670 3236 trist.
714 3183 796 3237 habui
807 3202 815 3236 ε
826 3183 872 3236 sed
884 3184 1011 3255 quoniam
1021 3203 1054 3236 ex
1062 3184 1152 3254 aliquo
1160 3187 1224 3239 acri·

162 3262 197 3317 ud
208 3263 334 3330 litteram,
343 3265 452 3330 tinvt,
462 3282 520 3336 cup.
533 3267 564 3316 6:
575 3264 671 3334 alqui·
714 3277 791 3334 ptore
805 3281 891 3335 graeco
902 3277 1007 3334 accepta
1020 3276 1076 3328 cst,
1089 3262 1161 3316 unde
1175 3285 1225 3318 cto·

164 3342 210 3406 lte,
225 3343 323 3414 inquit,
339 3345 445 3400 tricenis
458 3343 561 3408 diebus,
585 3355 611 3395 ct
624 3361 672 3396 cae·
714 3356 785 3407 tera,
805 3361 864 3414 quas
877 3361 949 3396 nunc
969 3355 1131 3407 tractantur,
1152 3363 1225 3397 ema·

163 3423 226 3476 teris
231 3442 337 3494 quoquc
347 3424 448 3494 magnis
455 3423 561 3477 alitibus
569 3434 672 3493 tempus
712 3435 819 3479 ulerunt,
831 3421 902 3475 haud
913 3434 1011 3475 temere
1021 3422 1224 3494 expungendam

163 3501 307 3554 incubandi
320 3501 483 3556 tantumdem
493 3522 508 3554 n
520 3516 612 3555 nutura
623 3515 672 3555 sta-
714 3501 873 3555 censuimus.
882 3502 1000 3572 Αἶγῶλιος
1012 3521 1094 3574 porro
1103 3504 1158 3555 avis
1170 3522 1225 3556 esse

163 3594 251 3634 tutum
262 3594 314 3646 est,
328 3595 358 3634 ut
367 3583 450 3634 anseri
460 3621 467 3646 ,
479 3595 507 3634 ut
518 3579 607 3634 tardas.
615 3582 670 3634 Me·
714 3595 843 3635 nocturna
855 3595 973 3650 putatur,
994 3602 1073 3653 quam
1086 3583 1156 3635 Galli
1176 3602 1224 3635 vo-

162 3659 297 3714 diocribus
311 3661 397 3714 viceni
411 3661 670 3730 perficiuntincuha·
714 3674 774 3714 cant
776 3663 883 3731 fmose.
893 3661 971 3714 Gaze
980 3662 1093 3714 nimium
1110 3661 1226 3716 credidit

162 3741 278 3804 tionem,
296 3752 326 3793 ut
345 3741 480 3810 accipitri,
503 3755 532 3793 ut
551 3740 641 3794 milvo.
655 3766 666 3786 ι
713 3738 910 3805 Aldrovaudus,
920 3742 979 3812 qui,
990 3740 1127 3794 Ornithol.
1139 3743 1224 3806 tinv,

163 3822 204 3872 Ex
216 3820 313 3890 quibus
326 3820 587 3884 Aristotelislverbis,
605 3832 672 3872 etex
715 3840 775 3891 pag.
788 3826 851 3883 loo,
859 3822 968 3891 αἰγόλιοι
983 3822 1083 3874 ululans
1096 3821 1226 3892 interpre-

163 3897 673 3970 ordinequoavesmonstrsnt,adducor
716 3912 785 3954 tatus
799 3901 948 3954 estllaun.

164 3991 295 4048 utputem
303 3981 456 4050 permutatis
469 3978 674 4032 dictionibnsle·
758 3979 804 4040 ts.
823 3979 913 4032 Corvus
933 3980 1063 4052 aliquando
1085 3991 1109 4029 et
1133 3983 1224 4050 quinus.

163 4056 280 4128 gendum
297 4056 370 4129 spnd
384 4058 517 4125 Plinium,
532 4084 543 4106 ι
557 4060 593 4112 Ut
607 4058 673 4112 acci·
718 4059 795 4113 Conl.
809 4059 889 4112 Arist.
907 4059 974 4112 Hist.
988 4059 1102 4113 Animal.
1116 4060 1177 4118 loco
1188 4059 1228 4112 ci·

163 4137 233 4207 piton
252 4151 278 4192 et
299 4137 428 4192 milvus.»
454 4139 496 4192 Sic
520 4138 591 4192 enim
608 4129 673 4208 (nec
718 4150 786 4203 tato,
799 4157 861 4208 pag.
875 4139 940 4192 665.
953 4139 1042 4192 Hsun.

243 4246 307 4314 W.
1076 4270 1123 4313 nn
