3200 5159
357 534 432 624 458
621 544 659 611 C.
688 545 861 613 PLINII
887 548 998 616 NAT.
1026 550 1153 616 HIST.

355 695 455 765 quam
472 672 701 767 chrysallidem
716 677 885 771 appellant
899 705 907 747 :
922 694 1023 775 rupto
1036 678 1155 749 deinde
1170 677 1313 748 cortice⁹
1332 676 1427 746 volat

355 776 486 873 papilio.

323 911 335 946 ι
410 888 605 955 XXXVIII.
619 878 789 978 (nnn.)
800 891 855 960 Sic
865 892 1015 985 quedam
1032 917 1073 962 ex
1083 891 1189 960 imbre
1202 888 1211 913 ¹
1222 904 1427 985 generantur

352 992 386 1059 in
398 1007 504 1076 terrn3
522 993 672 1087 quedam
689 1010 723 1065 et
741 998 776 1065 in
792 995 892 1090 ligno.
913 998 985 1069 Nec
1006 998 1096 1068 enim
1110 994 1367 1086 oossi²‚tantnm
1385 998 1423 1063 in

354 1122 414 1185 eo,
436 1098 613 1170 sedetiam
635 1088 767 1171 tabani³
798 1126 841 1171 ex
861 1128 904 1173 eo
927 1119 1133 1190 nuscssntur,
1158 1117 1193 1173 et
1214 1090 1322 1186 alibi⁴,
1349 1102 1423 1170 ubi-

353 1230 496 1298 cumque
513 1206 636 1275 humor
650 1223 699 1277 est
715 1210 837 1279 nimius
858 1228 866 1270 :
888 1212 974 1281 sicut
995 1214 1082 1281 intra
1104 1211 1275 1280 hominem
1295 1194 1424 1277 ῑιοιιίιιο5

355 1312 517 1381 tricenum
537 1312 679 1406 pedum,
699 1314 877 1410 aliquando
895 1331 930 1387 et
949 1316 1093 1411 plurium
1110 1314 1328 1411 longitudine.

323 1443 335 1479 ι
409 1418 572 1487 ΧΧΧΙΧι
588 1423 662 1489 Iam
681 1422 715 1489 in
731 1444 831 1492 came
846 1424 1002 1511 exanimi,
1024 1439 1058 1493 et
1074 1420 1275 1499 viventium¹
1290 1444 1424 1515 quoque

355 1523 529 1595 hominum
553 1525 672 1621 capillo
699 1552 707 1595 ε
735 1552 802 1623 qua
821 1529 990 1599 foeditate²
1006 1545 1043 1600 et
1071 1528 1161 1625 Sylla
1186 1530 1361 1613 Dictator,
1389 1541 1426 1595 et

355 1708 399 1741 neo
406 1678 519 1753 'aarum
537 1709 606 1760 quum
621 1688 770 1763 erysullidem
781 1691 865 1763 appel·
909 1688 940 1746 di
953 1694 1053 1761 μύωπος
1065 1692 1174 1764 γίνονται
1190 1692 1275 1744 iuriis
1288 1689 1372 1753 ξὺλιιν.
1388 1688 1424 1743 Η.

353 1768 424 1821 lunt:
434 1764 685 1839 rependerisderortiee
690 1770 865 1842 nointpnpilio.
951 1780 976 1837 4.
987 1770 1026 1825 Et
1036 1774 1097 1826 alibi
1105 1771 1250 1843 ubicumque.
1263 1770 1307 1823 Sic
1312 1766 1382 1840 θος.
1396 1789 1424 1835 a,

355 1848 434 1901 IIunc
443 1850 530 1903 locum
539 1850 572 1901 its
580 1850 868 1915 restituimus,summs
910 1852 995 1906 Paris.
1008 1864 1036 1905 et
1044 1850 1130 1906 Tolet.
1140 1852 1217 1905 Libri
1228 1851 1355 1903 hactenns
1363 1851 1424 1901 cusi

355 1927 484 1999 religione
495 1947 524 1983 nc
533 1928 588 1982 lide
601 1942 767 1983 vetustorum
779 1950 867 1985 exem·
910 1930 1071 2003 perperam,
1100 1944 1124 1983 et
1152 1932 1212 1983 alre.
1246 1930 1425 1982 Tolerabilius

354 2004 470 2078 plurium
491 2006 673 2061 auctoritatem
690 2010 788 2074 secuti,
800 2010 865 2080 Reg-
912 2010 1003 2065 chiffl.
1024 2009 1083 2065 cod.
1098 2010 1205 2064 stulius.
1222 2008 1328 2063 eridet
1342 2027 1423 2079 quam

359 2104 384 2151 t,
399 2106 425 2153 n,
442 2087 520 2141 Colb.
537 2087 617 2140 Paris.
632 2087 722 2141 Chiffl.
737 2103 764 2143 et
779 2089 866 2160 Lngd.
911 2091 1027 2144 maxime
1053 2092 1131 2145 lectio
1148 2092 1211 2160 fleg.
1232 2086 1319 2143 rond.
1333 2088 1423 2140 adutt-

356 2166 584 2239 inquibnsuraneo
593 2180 695 2231 noenta,
709 2170 865 2232 relucente,
912 2190 1018 2243 cumque.
1030 2170 1063 2221 tt.
1076 2202 1113 2212 -
1129 2170 1168 2222 Er
1181 2169 1249 2222 alibi.
1259 2169 1321 2220 Non
1332 2168 1360 2219 in
1370 2181 1423 2220 ter-

355 2246 467 2319 legitur:
485 2246 702 2316 interpolatorum
716 2252 868 2321 conjecture
911 2268 958 2314 ra,
967 2248 1065 2322 inquit,
1076 2260 1189 2309 tuntum,
1201 2262 1229 2301 et
1239 2248 1325 2319 ligno,
1337 2244 1383 2299 sed
1396 2260 1425 2299 et

355 2326 489 2397 neglecta,
503 2324 548 2397 qui
561 2331 660 2379 aranei.-
676 2328 806 2381 lacerum
820 2328 867 2380 t’ri·
911 2328 991 2393 alibi,
1015 2329 1179 2403 ubicumque
1201 2329 1300 2381 humor
1329 2339 1368 2379 est
1384 2328 1425 2378 ni-

354 2404 418 2477 gide
426 2402 570 2458 admodum
583 2406 754 2477 seripserunt.
763 2408 807 2461 Sic
817 2407 869 2460 Pli·
912 2408 989 2463 mins.
1006 2408 1097 2462 Haan.

355 2484 416 2539 nius
429 2502 487 2555 cap.
505 2492 552 2549 41,
564 2486 716 2540 vermiculis
727 2488 829 2541 circum
840 2504 867 2540 se
953 2488 977 2542 5.
1001 2488 1100 2541 Ταινίαι.
1119 2484 1238 2549 Terin,
1261 2482 1315 2539 sive
1331 2484 1423 2551 tinere,

356 2565 457 2635 pariter
469 2565 617 2618 folliculum
629 2566 795 2621 texentibus:
814 2591 825 2612 ι
838 2566 867 2619 Si
911 2568 1010 2623 ventris
1026 2566 1149 2621 animalia
1159 2579 1236 2631 sunt,
1249 2566 1283 2618 ab
1293 2564 1424 2618 aliisscri·

356 2662 503 2707 accrevero,
517 2646 618 2717 inquit,
632 2646 820 2719 chrysallidem
832 2648 869 2699 l'a·
911 2648 1034 2720 ptoribns
1047 2648 1173 2700 lumbrici
1186 2645 1320 2717 appellati.
1335 2644 1423 2697 Plate-

356 2724 456 2777 cinnt.·
472 2722 647 2778 H.-Arnneo
661 2738 763 2778 arente.
776 2724 868 2791 Quum
911 2747 967 2791 rus,
979 2745 1061 2798 quern
1070 2728 1212 2781 Sennertus
1225 2722 1423 2788 landat,Pract.

356 2806 483 2869 creverit,
504 2822 630 2859 nrsneoso
644 2804 761 2860 obducta
782 2820 869 2871 textu,
911 2807 959 2860 lib.
971 2807 1030 2871 111,
1042 2818 1111 2879 pert.
1125 2828 1150 2863 n,
1165 2824 1224 2877 cap.
1241 2804 1267 2869 5,
1279 2822 1340 2875 pag.
1354 2808 1423 2875 417,

355 2902 496 2937 araneecea
511 2886 564 2937 tela
578 2885 710 2950 involuta,
723 2898 780 2939 tum
791 2886 869 2957 chry·
912 2886 1014 2958 aliquot
1025 2887 1115 2939 risose
1129 2905 1156 2939 se
1167 2882 1297 2956 prodidit,
1307 2902 1424 2954 qnorum

356 2962 427 3015 sellis
448 2976 573 3017 vocatur:
593 2968 724 3017 πολοῦνται
739 2967 869 3037 χρυοοὶλί-
913 2964 1053 3038 longitudo
1074 2975 1141 3019 esset
1160 2960 1261 3036 pedum
1276 2962 1425 3036 quadrage·

356 3037 429 3103 der...
442 3046 582 3114 ἁπτομένου
598 3040 627 3097 dl
641 3048 771 3099 κινοῦνται·
786 3047 868 3116 mpii-
913 3044 1083 3099 rumiliac.

356 3140 442 3190 χονται
456 3119 485 3175 di
500 3124 580 3194 πόροις
593 3120 779 3197 ἀραχνιώδιοιν.
794 3122 832 3174 Il:
952 3124 1081 3179 XXXIX.
1097 3143 1122 3179 1.
1142 3122 1181 3176 Et
1189 3125 1329 3175 virentium.
1344 3117 1424 3176 Pedi-

397 3221 424 3273 9.
435 3200 537 3256 Cortice.
546 3206 654 3273 Κίλνφος
665 3218 780 3259 crustam
791 3216 868 3259 vocat
913 3204 987 3257 culos
1004 3203 1144 3275 intelligit,
1165 3206 1274 3274 ptripae,
1289 3202 1337 3275 qui
1354 3202 1424 3255 etin

357 3280 467 3334 Aristot·
488 3282 540 3336 loc.
561 3284 605 3337 cit.
627 3282 716 3336 Heni).
912 3284 1008 3357 capillo
1021 3296 1175 3346 nascuntur,
1189 3282 1212 3335 is
1229 3286 1260 3353 τῇ
1275 3289 1369 3353 κεφαλῇ
1382 3285 1425 3353 ιγ·

397 3360 555 3416 XXXVIII.
574 3380 597 3417 1.
612 3364 749 3417 Eaerbrbre.
769 3364 869 3429 Quem·
911 3365 1035 3435 γίνονται,
1058 3377 1084 3416 et
1111 3364 1216 3435 reliquo
1241 3379 1354 3433 corpore
1375 3360 1424 3413 ubi

355 3438 503 3494 admodum
521 3460 552 3495 ex
573 3462 633 3496 rore
652 3442 818 3515 papiliones,
834 3442 868 3496 de
912 3445 1011 3497 humor
1035 3443 1178 3507 exuberat,
1211 3439 1341 3505 sudorre,
1362 3444 1422 3493 ὅταν

358 3520 455 3593 quibus
468 3522 590 3593 proxime
599 3521 700 3577 dictum
715 3536 770 3577 est:
785 3524 821 3577 ita
836 3541 869 3577 ex
911 3525 1018 3595 ὑγρασία
1028 3524 1106 3581 πολλὴ
1115 3524 1138 3575 ἐν
1150 3528 1186 3596 τῷ
1198 3520 1299 3591 roipert
1309 3518 1334 3589 ἦ.
1344 3517 1424 3573 Arist.

358 3600 444 3653 imbre
457 3600 516 3653 elia.
531 3600 620 3655 Hsnn.
794 3616 799 3627 '
912 3604 979 3657 Hist.
996 3602 1110 3656 Animal.
1124 3601 1172 3655 lib.
1182 3602 1218 3666 V,
1227 3620 1285 3673 esp·
1304 3606 1349 3665 26,
1361 3618 1423 3671 pag.

401 3699 427 3735 a.
445 3678 522 3735 Cossi.
536 3680 698 3747 Vermiculi,
713 3682 802 3755 quiin
822 3700 868 3735 ro·
914 3685 980 3739 628.
992 3680 1082 3735 Haeo.

357 3762 424 3814 bore
451 3761 612 3831 gignuntur,
635 3761 669 3815 de
699 3762 795 3833 quibus
819 3762 866 3815 lib.
955 3783 981 3816 a.
1007 3763 1064 3832 Qua
1082 3760 1205 3830 feditate.
1226 3760 1305 3813 Hunc
1333 3756 1424 3812 lncurn

358 3836 448 3905 XVII,
457 3860 515 3912 cap.
529 3842 575 3913 37·
591 3840 682 3895 Nostri
694 3862 787 3893 eorsum
799 3843 870 3894 voci·
913 3842 1039 3913 expressit
1047 3842 1164 3894 ourmine
1174 3841 1208 3906 Q.
1223 3840 1336 3893 Serenus
1350 3841 1426 3893 Sam·

358 3931 422 3973 tant.
433 3920 523 3974 lisso.
912 3924 1046 3985 monicus,
1059 3939 1120 3991 cap.
1131 3922 1158 3985 6,
1172 3938 1199 3992 p.
1220 3922 1272 3973 128
1288 3936 1295 3970 ε
1316 3946 1328 3966 ι
1338 3920 1426 3972 Noxia

398 3999 424 4052 3.
445 4000 530 4053 Etiam
545 4000 679 4051 tabani-.-
698 4000 820 4060 Μὺιοπις,
834 3997 868 4053 de
911 4002 1068 4072 corporibus
1076 3998 1195 4072 qaudam
1206 3998 1239 4052 de
1250 4017 1363 4071 corpore
1373 4018 1425 4051 no·

355 4080 454 4151 quibus
474 4100 531 4151 cap.
544 4082 589 4133 16.
608 4080 716 4133 Aristot·
728 4080 795 4132 Ilist.
805 4080 869 4132 Ani·
911 4092 966 4134 stro
982 4080 1124 4152 ngenuit
1141 4092 1251 4133 natura.
1271 4079 1361 4131 volens
1375 4078 1424 4130 ab·

357 4159 418 4212 mel.
431 4159 477 4212 lib.
486 4161 522 4225 V,
536 4178 593 4231 cap.
610 4162 654 4225 18,
666 4178 726 4233 pag.
743 4160 794 4213 603
810 4179 817 4211 :
835 4160 866 4213 Oi
911 4177 1036 4233 rumpere
1051 4178 1157 4214 somnos
1172 4158 1312 4224 Sensibus,
1327 4172 1354 4212 et
1363 4176 1424 4210 mo-
