3200 5159
562 499 722 566 LIBER
757 497 821 565 tx.
1154 517 1226 588 ¹99

156 627 256 714 teis¹⁰,
274 629 474 714 arbitratur,
498 653 559 698 ceu
581 653 662 698 vero
691 631 725 698 in
758 628 857 700 nullis
875 628 1083 722 reperiantur
1109 627 1224 721 pisces.

155 735 326 830 Quidquid
347 749 397 805 est
408 734 495 822 hoc,
510 749 599 804 certe
609 737 717 804 miuus
726 734 952 806 admirabilem
964 732 1130 828 talparum
1145 733 1226 802 lacit
1265 725 1267 729 ’

155 840 286 910 vitam¹¹
301 841 507 912 subterranei
522 840 690 927 animalis,
710 845 772 914 uisi
791 842 877 913 forte
895 842 1059 910 vermium
1073 854 1225 908 terreno·

153 971 227 1016 rum
246 962 280 1016 et
295 947 348 1018 his
363 948 508 1042 piscibus
525 963 643 1018 natura
663 949 756 1018 inest.

205 1055 398 1124 dxxxiv.
411 1045 540 1144 (arni)
557 1057 684 1124 vernn
699 1037 854 1126 ominus
867 1055 919 1123 us
934 1052 1034 1122 fidem
1048 1050 1116 1122 uu
1130 1055 1223 1121 nun-
1243 1083 1255 1118 ι

152 1157 242 1228 datio
259 1160 374 1248 affert,
391 1162 502 1230 omnia
517 1161 696 1230 excedente
710 1159 893 1230 miraculo:
911 1161 1034 1254 quippe
1047 1159 1223 1254 detegente

151 1263 209 1334 eo‘
246 1266 387 1339 musculi
411 1267 622 1362 reperiuntur
646 1267 805 1336 inchoato
835 1291 936 1361 opere
960 1265 1110 1360 genitalis
1128 1290 1222 1360 aqua

149 1509 239 1562 uum,
254 1498 309 1552 rim
324 1517 381 1552 eree
396 1511 515 1570 apparet.
528 1497 666 1552 Haau.-
711 1511 788 1558 atre,
815 1510 960 1570 utcumque
986 1501 1053 1553 vivit
1079 1513 1168 1554 tamen
1191 1501 1222 1554 in

150 1578 304 1649 Miraturque
325 1592 350 1630 et
367 1581 417 1650 ipre
437 1581 509 1650 gigni
527 1582 578 1630 sirie
591 1581 663 1631 coitu.
710 1579 981 1650 proprioelemeuto:
997 1592 1024 1632 at
1033 1580 1134 1651 piacet!
1143 1599 1223 1650 aqua·

151 1657 268 1710 Hurraorir
277 1658 384 1730 quidem,
393 1671 441 1712 etc.
450 1658 570 1711 Verbum
581 1658 665 1710 bumo-
711 1658 757 1711 tile
769 1658 883 1723 animal,
894 1671 966 1712 entra
981 1660 1121 1730 proprium
1135 1658 1236 1712 domi·.

150 1739 184 1788 ris
203 1755 267 1790 cum
300 1737 399 1791 minori
431 1737 519 1791 littera
543 1737 621 1790 scribi
640 1749 667 1790 et
708 1737 816 1803 cilium,
836 1739 863 1790 in
887 1739 972 1792 aliena
997 1737 1058 1792 rede
1081 1739 1131 1791 rub
1151 1752 1222 1792 terra

150 1816 367 1872 antecedentibus
378 1817 559 1894 jungi-debet,
574 1830 605 1872 ut
616 1817 665 1882 rit,
709 1815 820 1888 degere,
844 1819 929 1890 majus
948 1819 1033 1871 multa
1062 1818 1222 1873 miraculum

150 1900 200 1948 rinc
220 1901 285 1949 coitu
309 1898 430 1962 bumaria,
449 1899 501 1950 boc
529 1910 582 1960 eat,
607 1897 665 1952 tine
709 1910 757 1950 ert.
771 1897 830 1950 Hoc
843 1916 928 1971 quum
943 1898 979 1952 ita
992 1898 1220 1963 rehabeamu-

149 1977 347 2048 rertagnatioue
365 1995 507 2045 aquarum,
525 1995 558 2030 ex
573 1977 663 2032 Theo·
708 1989 824 2049 stetque,
840 1978 937 2030 mirum
952 1978 1033 2049 magis
1046 1979 1219 2051 eeae,pircem

149 2055 260 2125 pbrarto
270 2055 341 2108 libro
355 2055 500 2110 del'iecib.
518 2057 664 2122 Quaevero
711 2057 760 2110 sub
784 2069 856 2110 terra
884 2075 963 2130 quam
986 2059 1107 2128 talpam,
1137 2058 1218 2112 vitam

151 2136 237 2188 rtatim
253 2135 664 2199 subtexuntur,inverroordine
708 2135 827 2190 ducere:
853 2138 967 2208 pierium
987 2137 1042 2191 rita
1059 2137 1217 2190 miraculum

149 2215 228 2268 eeribi
242 2214 352 2276 debent,
374 2219 425 2268 vim
441 2215 535 2288 quidem
556 2217 663 2288 aliquam
707 2217 785 2290 talpa
810 2217 937 2282 elevabit,
960 2234 1015 2269 non
1041 2229 1123 2270 retro.
1148 2219 1218 2272 Nam

150 2297 222 2346 irrue
236 2315 309 2367 quam
321 2299 402 2367 puteis
418 2296 559 2348 arbitratur.
582 2297 661 2350 Pirr.
706 2299 791 2368 majus
802 2297 960 2351 miraculum
970 2297 1060 2350 minue
1071 2296 1217 2364 imminuit,

190 2390 231 2426 ro.
246 2375 328 2444 (luam
337 2379 426 2447 puteis,
438 2375 581 2436 arbitratur,
591 2395 663 2448 quum
706 2395 761 2428 nou
776 2395 790 2429 a
803 2377 902 2429 minori
920 2376 1099 2430 imminuitur.
1115 2378 1196 2430 Pur.

148 2455 318 2521 tumnultu,
328 2467 378 2508 etc.
393 2454 546 2526 legendum
559 2473 592 2510 eo
602 2455 662 2510 loco
745 2457 898 2508 LXXXIV.
914 2473 939 2509 r.
955 2458 1051 2527 Quippe
1059 2455 1217 2526 detegentem

148 2532 215 2586 mihi
226 2532 348 2588 videtur:
360 2555 431 2607 quam
439 2540 518 2608 puteis
530 2536 663 2588 arbitratur
705 2535 806 2590 musculi
815 2539 979 2607 reperiuntur,
989 2548 1040 2590 etc.
1055 2537 1096 2590 Ita
1112 2537 1176 2609 Reg.
1190 2557 1216 2602 r,

148 2631 189 2663 reu
208 2632 268 2664 vero
291 2617 317 2666 ire
340 2615 389 2667 iilis
411 2619 559 2686 reperiantur
575 2619 659 2684 pisces.
708 2615 829 2681 a,Paris.
846 2615 930 2668 etalii
943 2615 1020 2669 MSS.
1033 2616 1071 2668 uti
1081 2633 1138 2688 cap.
1152 2635 1213 2688 nup.

148 2691 304 2746 laVoserur
318 2693 345 2746 in
358 2695 469 2756 Melam,
479 2713 506 2765 p.
519 2697 581 2758 181,
595 2697 658 2748 182.
704 2704 735 2746 nt
749 2693 1001 2766 subintelligendum
1016 2693 1153 2759 videatur,
1170 2697 1214 2749 de-

191 2789 237 2825 rt.
254 2773 499 2846 Quidquiderrlaoc,
512 2778 661 2828 ermemirus
704 2787 797 2845 regente
828 2788 913 2828 terrae.
940 2775 1089 2828 Parmenaie
1112 2773 1213 2839 editio,

147 2849 265 2904 admirab.
277 2854 396 2924 talparum
403 2857 557 2920 sarcitaitam.
572 2855 660 2908 Ambo
704 2854 814 2927 aliaque
837 2867 961 2919 vetustae,
986 2855 1135 2926 deturpante.
1160 2856 1213 2911 Alii

147 2931 306 3003 exemplaria
323 2945 350 2985 et
369 2935 503 2988 recentior
519 2934 607 2987 omnia
623 2934 659 2987 le-
703 2933 828 2987 decederrte
844 2936 960 2999 malunt,
973 2948 1003 2987 ut
1021 2954 1081 3006 rap.
1105 2935 1210 3006 capite:

146 3011 200 3063 ctio
206 3011 260 3076 ric;
273 3011 321 3066 red
331 3011 405 3078 olim,
417 3014 546 3087 Quidquid
553 3025 589 3065 ert
598 3014 654 3075 bae,
704 3015 911 3088 EodemqueLycc
919 3015 1212 3080 amaedeeederrteblela,

147 3102 210 3142 certe
222 3095 299 3146 mireur
311 3091 454 3146 admirabile
469 3095 660 3164 talprarurnfircit
702 3093 736 3148 de
750 3095 829 3158 Nilo,
842 3094 890 3147 lib.
904 3096 932 3154 1,
949 3113 1010 3167 cap.
1027 3115 1059 3166 9,
1073 3113 1133 3166 pag.
1153 3113 1187 3148 ra
1202 3113 1209 3147 τ

144 3175 206 3222 aira.
222 3170 300 3225 Prior
313 3191 375 3225 vera
394 3186 432 3226 eet
449 3187 476 3228 et
487 3172 557 3228 Plin.
570 3173 657 3227 lectio.
701 3197 712 3217 ι
730 3175 824 3229 Glebis
834 3174 915 3229 etiam
929 3173 1049 3228 infundit
1060 3176 1168 3239 animae,
1179 3193 1211 3228 ex

144 3249 302 3304 Hermolaus
321 3265 409 3306 tamen
428 3272 522 3323 parum
537 3266 659 3307 accurate
700 3253 810 3326 ipsaque
824 3255 908 3307 burno
924 3253 1014 3327 vitalia
1027 3254 1138 3326 effingit.
1150 3255 1210 3308 Hoc

144 3328 239 3382 burum
251 3331 393 3386 verborum
403 3351 506 3387 aeneum
516 3345 654 3390 emuntur,
699 3351 732 3386 eo
742 3334 909 3402 manifestum
917 3331 1045 3405 ert,quod
1052 3334 1099 3387 abi
1110 3333 1211 3388 sedarit

143 3407 333 3480 elegantiorem
365 3412 402 3464 ait
431 3430 487 3466 eree
515 3412 655 3466 lectionem
699 3411 819 3478 diluvia,
839 3431 869 3466 ac
887 3431 916 3465 ac
940 3413 992 3466 eibi
1010 3411 1143 3479 reddidit,
1160 3433 1210 3485 per

143 3487 321 3559 quorumdam
343 3490 484 3556 codicum,
506 3492 535 3546 in
558 3491 655 3562 quibus
699 3492 839 3546 bumentea
859 3510 983 3563 campan,
1001 3491 1123 3564 quedam
1138 3513 1209 3548 non·

143 3567 281 3635 habeatur,
296 3584 326 3624 ut
340 3588 353 3622 a
369 3571 503 3643 principio
517 3573 578 3643 legi.
594 3572 653 3636 Qua
699 3570 762 3624 dum
787 3572 906 3643 perlecta
922 3573 1060 3636 animalia,
1081 3573 1128 3628 red
1150 3586 1207 3627 tam

142 3647 169 3698 in
179 3667 216 3710 rc,
228 3662 256 3702 ut
265 3649 533 3716 cenaeo,ldermolaur
541 3653 655 3716 aberrat,
697 3651 816 3723 primurn
829 3652 984 3724 accipientia
991 3653 1129 3722 spiritum,
1139 3667 1165 3706 et
1175 3671 1207 3706 ex

142 3724 224 3799 idque
239 3729 361 3783 existimo
381 3731 430 3783 bac
451 3731 665 3792 ratiocinatione¹
699 3744 773 3802 parte
785 3732 841 3801 jam
855 3733 977 3795 formata,
991 3751 1024 3785 ex
1035 3747 1112 3803 parte
1119 3731 1208 3786 adbuc

141 3807 250 3877 probari
269 3827 353 3878 poree.
375 3809 477 3866 Mirum
491 3809 599 3883 quidem
615 3811 653 3862 vi·
699 3824 792 3874 terrea,
808 3812 940 3865 visuntm.
955 3837 967 3859 ι
985 3814 1093 3886 Accepit
1109 3815 1161 3867 boc
1176 3831 1207 3865 ex

142 3883 230 3952 detur,
240 3888 337 3958 talpam
351 3890 448 3945 animal
465 3903 588 3944 terrertre
603 3891 654 3944 cub
699 3889 810 3944 Diodor.
822 3891 892 3944 Bibl.
905 3891 952 3944 lib.
966 3893 990 3956 1,
1005 3911 1032 3964 p.
1046 3895 1073 3947 8.
1084 3893 1208 3946 Carmine

143 3977 210 4018 terra
224 3965 321 4040 degere
335 3987 342 4022 :
358 3970 441 4040 magia
456 3983 545 4024 tamen
556 3969 652 4022 mirum
699 3968 839 4042 descripsit
850 3970 980 4035 Oridiua,
994 3973 1104 4025 Metam.
1117 3973 1164 4025 lib.
1177 3972 1208 4036 1,

142 4057 190 4107 ert,
199 4045 298 4116 piscem
310 4050 361 4100 rub
374 4049 464 4102 eadem
475 4064 544 4106 terra
553 4052 652 4104 vivere:
699 4069 724 4106 v,
736 4057 806 4114 ban:
824 4078 835 4098 .
844 4051 888 4104 Sic
900 4051 948 4104 ubi
962 4050 1079 4104 elmeruit
1088 4050 1209 4105 madidos

140 4125 202 4198 quia
220 4145 304 4197 quum
322 4129 355 4182 rit
373 4129 443 4200 talpa
459 4130 556 4186 animal
571 4143 652 4184 terre·
699 4130 1210 4204 reptemlluusagroeNilus,etantiquo

993 4237 1052 4308 13⁸
