3200 5159
410 496 482 585 nt
507 523 513 576 ς
673 496 713 566 c.
741 496 915 565 rnrun
943 498 1050 565 nur.
1079 494 1210 566 ntsr.
1288 450 1290 455 ’

371 654 382 687 ι
455 632 583 701 XLIX.
598 627 800 723 Navigeram
819 627 1101 717 similitudinem,
1123 628 1264 697 etaliam
1278 631 1313 698 in
1326 632 1475 729 Propon·
1580 698 1583 703 .

403 737 471 808 tide
487 739 593 807 visam
610 736 673 805 sibi
691 734 837 830 prodidit
858 735 1035 805 Mucianus
1054 760 1061 803 :
1087 736 1249 805 concham
1271 736 1364 807 esse²
1382 742 1479 809 acatii

403 830 524 914 modo³
547 844 744 924 cannatum,
760 841 881 910 inflexa
900 866 1033 936 puppe,
1051 866 1151 936 prora
1165 856 1307 911 rostrata
1327 869 1334 912 ε
1355 846 1388 915 in
1412 846 1477 916 hac

403 950 503 1020 condi
522 934 727 1044 nauplium⁶‚
745 947 867 1015 animal
892 950 989 1042 sepiae
1012 948 1140 1034 simile,
1162 947 1297 1017 ludendi
1320 952 1477 1021 societate

404 1057 484 1128 sola.
501 1057 643 1126 Duobus
662 1054 729 1124 hoc
749 1053 821 1122 fieri
862 1054 1016 1123 oneribus
1036 1080 1043 1123 :
1068 1053 1245 1149 tranquillo
1265 1058 1351 1124 enim
1363 1072 1476 1127 vecto-

404 1189 475 1233 rem
502 1161 651 1231 demissis
678 1159 830 1255 palmulis
872 1160 991 1247 ferire,
1021 1174 1059 1228 ut
1081 1162 1191 1230 remis.
1220 1163 1255 1230 Si
1277 1163 1357 1230 v'ero
1378 1163 1476 1233 llatus

404 1271 542 1356 invitet,
573 1266 704 1336 easdem
728 1268 763 1334 in
788 1252 868 1335 usu⁶
898 1266 1111 1361 gubernaculi
1134 1268 1283 1362 porrigi,
1309 1269 1476 1363 pandique

401 1376 583 1446 buccarum
597 1372 704 1443 sinus⁷
716 1396 815 1446 auree¹
834 1359 960 1466 Hujus⁸
978 1371 1182 1467 voluptatem
1200 1398 1288 1458 esse,
1308 1387 1346 1442 ut
1370 1375 1474 1445 ferat:

400 1481 508 1565 illius,
528 1495 566 1549 ut
581 1492 677 1574 regat
695 1504 703 1548 ε
726 1477 891 1573 simulque
905 1478 1001 1549 eam⁹
1019 1480 1218 1549 descendere
1237 1482 1271 1548 in
1293 1480 1360 1549 duo
1377 1506 1475 1551 sensu

439 1644 539 1698 XLIX.
563 1662 589 1695 r.
606 1643 755 1712 Nouigemm
772 1632 913 1695 rimilitludi-
959 1642 1055 1697 comite
1065 1661 1114 1715 per
1126 1660 1228 1697 summa
1244 1662 1384 1715 equorum
1400 1646 1474 1698 navi-

400 1745 461 1778 nem.
481 1722 584 1777 Nautili
601 1722 630 1775 in
651 1722 718 1776 mari
745 1720 863 1775 ludentis
888 1733 915 1775 et
959 1735 1012 1793 gat.
1032 1722 1154 1792 Denique
1173 1723 1245 1773 ulrum
1262 1742 1275 1775 a
1292 1722 1475 1793 superioribus

400 1801 714 1875 navigantiuNauplium
726 1803 830 1855 ἀπὸτοῦ
842 1800 915 1857 lurni
960 1806 1096 1871 navigerum
1115 1802 1185 1856 hanc
1200 1794 1380 1856 similitudinem
1400 1822 1472 1871 cese,

399 1883 639 1948 utlaiuiducianua
646 1880 914 1935 aoluevoeavit.Du..
960 1882 1063 1935 Plinius
1076 1880 1321 1937 diserteadmonet.
1335 1884 1426 1937 Huan.

400 1960 784 2033 -Nmigerumsimilitudinem
795 1960 853 2013 Sub
863 1960 915 2013 aliu
1003 1962 1030 2015 5.
1054 1961 1181 2013 Pulmulir.
1207 1961 1326 2015 Palmula
1352 1982 1413 2034 pare
1437 1976 1476 2015 eat

400 2044 527 2109 nomine,
553 2041 720 2095 mutilorum
739 2040 852 2092 historia
871 2040 916 2092 hic
960 2040 1027 2093 remi
1053 2054 1169 2093 extrema
1195 2039 1223 2093 iu
1244 2042 1339 2111 palma
1361 2040 1472 2094 modum

401 2122 531 2187 iteratur,
557 2116 605 2173 sed
633 2120 686 2175 hoc
719 2118 829 2186 addito,
860 2138 916 2171 non
959 2131 1092 2191 protenta.
1122 2120 1209 2190 Hujus
1234 2120 1320 2173 vicem
1351 2135 1475 2192 praestare

402 2203 512 2257 conchae
525 2200 641 2253 incolam
652 2200 796 2270 polypum,
810 2196 856 2252 ced
871 2216 917 2251 co·
960 2200 1062 2270 nauplii
1073 2199 1192 2263 brachiu,
1205 2218 1267 2252 uaua
1280 2218 1311 2255 ea
1320 2212 1476 2257 vooetrana·

402 2282 502 2335 mitem·
515 2293 542 2334 et
558 2278 662 2333 ducem.
682 2279 799 2349 Nuperie
812 2296 919 2349 quoque
960 2280 1026 2345 lata,
1040 2280 1179 2353 siguificat.
1190 2278 1281 2331 litun.

403 2360 572 2433 temporibus
581 2356 648 2411 illud
658 2358 918 2422 affirmatummem-
1003 2362 1029 2412 6.
1051 2360 1081 2412 In
1101 2378 1153 2410 mu.
1177 2358 1219 2411 Ita
1241 2358 1319 2412 MSS.
1335 2358 1431 2426 Forte,
1450 2362 1477 2413 in

403 2459 439 2512 pe
452 2440 526 2493 hunc
542 2435 674 2511 polypum
689 2438 851 2492 animantem
864 2456 919 2491 eane
964 2458 1040 2492 usum.
1050 2440 1140 2491 Huan.

404 2517 581 2590 alienigenam
594 2518 641 2589 qui
656 2518 758 2571 concha
768 2517 796 2569 vi
807 2517 920 2588 potitur,
994 2537 1030 2587 ,7.
1040 2518 1175 2569 Burrenum
1181 2520 1255 2570 antur.
1263 2517 1304 2573 Ita
1311 2516 1476 2587 MSSplane

404 2599 537 2670 cymbula
551 2597 612 2653 loco
624 2597 694 2651 hanc
708 2596 857 2649 habiturus.
868 2595 920 2650 Sed
962 2616 1070 2651 omnes:
1080 2614 1233 2669 quanquam
1242 2594 1323 2660 editi,
1334 2598 1476 2651 concharum

406 2680 481 2733 abest
495 2676 679 2742 confirmatio;
703 2674 833 2747 siquidem
854 2676 921 2729 huc·
962 2681 1036 2729 sinus.
1046 2676 1316 2731 Haan.-Buecurum
1326 2678 1400 2729 sinus.
1414 2678 1476 2730 Hoc

406 2758 536 2828 usquein
554 2756 713 2810 illaconcha
726 2756 831 2808 nullum
845 2752 919 2809 aliud
962 2770 1016 2822 est,
1039 2776 1068 2809 oe
1088 2758 1195 2810 conche
1216 2754 1300 2826 ipsius
1319 2769 1413 2822 vento,
1429 2776 1477 2811 seu

407 2837 507 2891 ammal
518 2837 605 2889 vicum
620 2836 680 2889 luit.
692 2835 814 2889 Corma:
963 2838 1217 2901 aurn,‚ohrertitnr.
1228 2836 1319 2889 Hane.

450 2938 477 2971 a.
493 2916 616 2969 comtum
632 2934 692 2969 esse.
711 2914 847 2969 concham
866 2934 920 2969 ease
1003 2919 1031 2971 8.
1048 2916 1139 2986 Hujus.
1150 2911 1276 2970 Concha.
1286 2914 1378 2967 Haan.

408 2994 476 3049 dixit
484 3034 493 3061 ,
501 3015 557 3048 non
566 2994 757 3056 cochleam,ut
766 2994 843 3047 multi
853 2994 919 3048 fuluo
1002 3016 1031 3065 9.
1045 2995 1169 3067 Simulque
1181 3014 1232 3047 eum
1244 2994 1384 3045 descendere
1392 2996 1417 3045 in
1426 2995 1475 3047 duo

407 3075 565 3129 retulerunt.
578 3074 669 3127 Ham.
961 3096 1030 3127 semu
1041 3079 1157 3138 carentia,
1167 3078 1215 3127 nisi
1219 3076 1287 3141 sorte
1295 3069 1360 3125 triiti
1366 3065 1409 3141 (id
1413 3078 1475 3126 enim

449 3155 477 3208 3.
486 3154 574 3208 Acutii
584 3153 663 3206 modo.
673 3152 848 3223 Egraecanica
856 3171 920 3206 voce
962 3147 1071 3221 constat)
1081 3158 1158 3207 oneine
1172 3156 1351 3223 caligantium,
1370 3154 1475 3205 Mmonu

408 3234 517 3298 ἄκατος,
537 3233 666 3299 acatium,
697 3231 808 3285 actuarii
821 3232 921 3303 navigii
961 3234 1087 3285 calamitas
1098 3238 1123 3285 in
1134 3253 1207 3286 curua
1215 3245 1258 3285 est.
1271 3232 1376 3303 Scripta
1388 3251 1475 3285 exem·

407 3311 543 3385 quoddam
556 3330 648 3384 genua.
666 3316 713 3365 Δι.
961 3313 1060 3383 pluria,
1070 3311 1191 3385 Simulque
1207 3314 1311 3363 eumdem
1325 3312 1472 3367 descendere.

449 3399 475 3456 4.
485 3392 677 3462 duplamve
688 3389 806 3460 Nauplio
816 3390 918 3443 Mucia·
962 3392 1063 3446 Cratera
1075 3392 1157 3444 verbe
1175 3390 1253 3444 nihili
1275 3404 1353 3456 sunt,
1372 3392 1472 3461 apium,

402 3468 918 3555 pinihiladhuccompertum.llalluei·
960 3472 1097 3541 tricaeque,
1118 3470 1183 3523 lalao
1200 3470 1287 3523 Plinio
1308 3468 1471 3541 adscripto:

407 3564 489 3604 natur
509 3548 620 3603 Aldror.
632 3548 667 3601 de
680 3550 784 3602 Teetac.
798 3548 846 3601 lib.
861 3548 917 3614 ΙΙΙ,
960 3551 1096 3621 mirorque
1106 3550 1276 3603 Hermolaum
1285 3568 1426 3621 agnoscere
1432 3568 1472 3617 ea,

408 3649 469 3702 cap.
483 3636 586 3701 3,pag.
603 3627 677 3697 259,
691 3627 775 3680 etalii
792 3628 841 3698 qui
852 3646 917 3680 nau·
961 3646 1144 3701 exponereque
1156 3643 1186 3681 ut
1194 3628 1319 3699 legitima.
1332 3629 1388 3683 Nec
1398 3630 1471 3683 euim

409 3711 487 3763 tilum
507 3728 563 3764 esse
581 3719 687 3778 putant.
708 3706 742 3759 de
763 3724 819 3779 quo
839 3726 862 3759 c.
881 3707 916 3777 47
960 3708 1062 3761 Plinius
1073 3710 1212 3761 descendere
1227 3712 1342 3777 mergive,
1354 3708 1472 3780 naupliis

407 3788 509 3853 dictum
529 3800 578 3841 eet.
599 3787 685 3840 Habet
705 3786 777 3839 enim
800 3786 917 3841 nautilue
962 3788 1109 3851 tribuit,ut
1123 3790 1283 3841 Hermolaus
1292 3786 1470 3860 accepit‚eed

406 3866 918 3938 conchamadhoercntemsibi:nauplio
961 3868 1078 3921 conchae.
1097 3868 1146 3921 11ae
1167 3886 1251 3941 quum
1266 3868 1326 3920 visu
1347 3880 1470 3932 careant,

404 3948 479 4001 nulla
489 3948 606 4012 carmini
617 3945 747 3999 adicititia
758 3959 785 3999 et
798 3946 873 4017 quani
886 3964 918 3999 ex
961 3965 1090 4019 censuque
1110 3948 1187 4003 omni
1205 3948 1276 4011 allo,
1297 3948 1349 4000 nisi
1369 3946 1421 3999 cibi
1443 3958 1471 3999 et

403 4027 592 4082 commodato:
606 4025 652 4078 ille
658 4024 772 4096 polypi,
785 4025 832 4078 bic
844 4026 917 4079 eimi-
962 4026 1086 4097 periculi,
1099 4040 1129 4080 ut
1142 4029 1194 4080 hoc
1210 4028 1269 4099 ipso
1283 4028 1369 4097 capite
1382 4039 1469 4079 osten·

401 4108 437 4161 lia
451 4108 530 4179 cepio
545 4118 592 4160 een
606 4104 684 4159 Solus
699 4104 759 4167 itte,
779 4105 830 4158 iste
856 4124 917 4158 cum
961 4124 1017 4159 eum
1037 4120 1089 4171 est,
1114 4105 1170 4161 duo
1189 4106 1233 4161 illa
1249 4107 1343 4173 verba,
1362 4125 1420 4177 que
1440 4104 1469 4157 iu
