3200 5159
448 553 522 628 566
658 543 671 604 -'
710 557 750 623 C.
778 557 950 626 PLlNll
977 556 1089 625 Nat.
1118 558 1247 626 talst’.

445 713 545 783 aqna,
561 689 594 756 in
612 689 752 784 pumicis
771 687 909 756 modum
922 702 1046 758 coeunt
1061 689 1193 762 duritia.
1211 691 1323 762 Asinae
1340 716 1498 787 pregnan-

446 810 496 866 tes
514 795 672 864 continuo
688 794 897 864 lactescunt
919 790 1020 862 Pullis
1037 783 1182 876 earum⁸‚
1200 797 1258 866 ubi
1274 799 1399 893 pingue
1413 801 1500 893 pabu-

446 901 534 988 lum,
552 900 653 971 biduo
681 927 701 971 a
728 914 828 995 partu
849 914 1038 970 maternum
1062 901 1113 974 lac
1135 917 1301 998 gustasse,
1330 903 1427 974 letale
1450 924 1498 977 est.
1556 910 1557 959 l

448 999 563 1078 Genus
589 1006 668 1076 mali
699 1021 840 1076 vocatur
870 1005 1062 1082 colostratio
1080 1007 1103 1078 ⁹.
1129 1012 1252 1080 Caseus
1285 1036 1356 1079 non
1379 1011 1448 1082 lit¹l
1468 1039 1499 1088 ex
1556 968 1557 1053 l

415 1135 428 1167 ²
448 1115 616 1208 utrimque
629 1114 786 1198 dentatis,
799 1114 956 1207 quoniam
974 1137 1089 1183 eorum
1107 1112 1159 1186 lac
1172 1141 1241 1186 non
1258 1119 1338 1186 coit.
1351 1121 1499 1188 Tenuissi-
1556 1200 1557 1203 Ἴ

448 1219 575 1290 mum¹¹
595 1219 753 1307 camelis,
781 1245 861 1288 mox
886 1221 979 1313 equis
1005 1244 1014 1288 τ
1035 1223 1274 1294 crassissimum
1299 1222 1453 1310 asinae¹²,
1470 1241 1500 1295 ut

447 1352 514 1421 quo
535 1325 665 1421 coaguli
685 1328 758 1396 vice
777 1340 926 1395 utantur.
950 1326 1114 1398 Conferre
1135 1326 1258 1423 aliquid
1274 1343 1311 1400 et
1328 1330 1499 1403 candoriia

447 1431 622 1508 mulierum
638 1447 714 1504 cute
730 1433 944 1504 existimatur.
964 1433 1107 1528 Poppaea
1117 1421 1239 1507 certe¹³
1253 1438 1398 1507 Domitii
1411 1440 1499 1508 Nero·

447 1541 497 1610 nis
515 1540 651 1634 conjux,
671 1541 869 1634 quingentas
892 1562 1007 1608 secum
1029 1566 1090 1635 per
1114 1543 1229 1614 omnia
1252 1543 1392 1613 trahens
1414 1543 1500 1632 setus,

446 1692 566 1746 noudum
577 1691 706 1744 stantibus
718 1689 803 1743 laoedis
816 1692 856 1743 De
871 1688 960 1760 primo
1003 1690 1163 1755 elixabilia.·
1176 1691 1211 1744 Et
1219 1710 1279 1764 pag.
1292 1692 1342 1745 15²
1358 1709 1366 1746 :
1381 1717 1394 1737 ·
1403 1692 1454 1746 Lae
1465 1712 1500 1746 au·

447 1783 562 1824 mutuum
581 1772 648 1824 lacte
662 1770 773 1822 colostra
788 1769 892 1821 damus.
904 1793 916 1814 ι
925 1767 959 1820 Η.
1002 1782 1055 1823 tem
1066 1789 1156 1843 equas,
1167 1784 1193 1824 et
1206 1772 1303 1837 asine,
1319 1783 1348 1824 et
1367 1773 1469 1834 cameli,
1480 1786 1500 1825 et

483 1871 507 1923 7.
518 1855 637 1904 Cuannsm
646 1855 788 1902 messurus.
798 1851 890 1902 Mersse
902 1859 960 1900 tan·
1002 1850 1135 1912 mulieris,
1146 1869 1202 1902 uon
1211 1850 1379 1909 conveniunt
1387 1850 1500 1904 adessent

446 1944 504 1984 tum
518 1931 621 1984 decimo
640 1940 805 2000 pregnantes
821 1927 960 1982 asinaslsu
1002 1927 1146 1982 iaciendos.
1160 1954 1174 1974 ιι
1187 1929 1361 1992 Aristoteles,
1383 1929 1444 1982 H'nt.
1459 1933 1499 1981 Aa.

446 2009 546 2064 habere
561 2020 654 2062 auctor
672 2018 711 2061 est
730 2008 809 2060 Arist.
826 2006 896 2060 tttu.
909 2007 958 2059 Au.
1002 2008 1070 2061 liban
1080 2009 1131 2074 111,
1143 2027 1204 2079 cap.
1219 2012 1263 2072 16,
1273 2027 1335 2080 pag.
1350 2009 1411 2072 384.
1422 2009 1501 2061 bron

447 2089 492 2140 lib.
507 2089 562 2151 vt,
583 2107 643 2160 esp.
662 2087 710 2150 ai,
725 2105 787 2159 pag.
800 2088 853 2157 759
868 2105 875 2141 ε
892 2078 959 2155 luxu
1003 2086 1500 2160 sinens-atuppsttnmtetm

446 2167 477 2224 tt
488 2171 555 2241 sus
568 2171 661 2224 ιιὺουσα
676 2164 817 2240 staupum
833 2163 904 2222 olus.
922 2169 958 2220 tt.
1002 2166 1137 2221 Hunn-
1148 2172 1238 2220 Caseus
1246 2188 1298 2219 non
1300 2171 1342 2238 fis
1355 2189 1391 2220 ex
1401 2171 1501 2233 utrinque

483 2249 507 2301 8.
530 2250 607 2300 Pullis
629 2265 724 2298 eurum.
751 2245 828 2300 MSS.
852 2263 960 2311 omnes,
1002 2249 1120 2298 densam
1137 2247 1180 2300 liis
1195 2265 1228 2299 es
1245 2246 1386 2303 minarum
1399 2258 1424 2300 et
1438 2265 1501 2313 equs·

443 2330 534 2399 pullus.
547 2325 640 2380 Hasn.
1002 2344 1064 2378 runs
1077 2326 1159 2389 laete,
1172 2343 1234 2397 que
1251 2325 1392 2398 utrimque
1408 2323 1500 2377 dentata

482 2423 508 2472 9.
518 2407 672 2458 Cuiusnasiu.
682 2402 766 2458 Simili
778 2420 875 2474 genere
888 2421 960 2458 mor·
1002 2417 1077 2458 sunt.
1088 2405 1191 2459 nsum.

445 2483 474 2538 bi
487 2494 622 2537 tentantur
632 2484 762 2548 infantes,
778 2482 826 2553 qui
838 2480 901 2536 inde
914 2499 959 2536 oo·
1041 2483 1500 2553 11.renuinnsua‚ere.afisr.psp
1556 2520 1557 2529 t

446 2564 549 2618 lustrati
574 2562 703 2616 dicuntur
729 2580 744 2613 s
774 2561 880 2628 Plinio,
908 2562 958 2616 lib.
1003 2561 1171 2616 385.Hsau.

445 2644 582 2708 XXVIII,
591 2661 648 2714 cap.
661 2643 713 2708 33.
730 2643 776 2714 qui
790 2661 959 2714 praepropere
1040 2660 1082 2696 ss.
1102 2644 1283 2694 Crassissimum
1306 2645 1401 2694 ssisae.
1412 2640 1501 2694 astru

445 2723 533 2784 nimis,
547 2723 660 2775 statimn
675 2721 959 2793 pompei-indacum·
1002 2722 1062 2774 loeo
1077 2722 1148 2774 eitst.
1171 2721 1289 2776 Galenus
1310 2731 1405 2774 tamen
1421 2721 1501 2791 possin

446 2802 501 2855 sius
512 2801 604 2854 matria
622 2815 763 2862 auxerunt,
782 2799 854 2872 qnod
870 2802 899 2854 in
917 2801 959 2854 iu·
1001 2801 1042 2854 iso
1059 2801 1141 2854 asine
1153 2801 1340 2856 tenuissimum
1354 2818 1412 2854 esse
1424 2797 1501 2862 doen,

446 2881 558 2934 fantium
573 2878 673 2934 deinde
684 2879 822 2932 stomacho
830 2878 959 2933 densatur
1001 2897 1033 2932 ac
1044 2879 1153 2932 minime
1165 2879 1317 2949 coagulari,
1331 2879 1436 2952 quisset
1446 2896 1498 2949 qao

445 2960 473 3012 in
483 2960 551 3014 ossei
568 2961 700 3032 speciem:
718 2960 760 3012 sel
780 2959 829 3030 qui
841 2961 959 3012 nutrices
1001 2975 1148 3027 qnosemus
1166 2958 1194 3011 in
1208 2976 1290 3010 omne
1307 2977 1411 3032 eorpus
1421 2957 1501 3028 digesi-

447 3052 558 3110 snguut,
578 3041 638 3110 qu‘re
653 3057 759 3092 rursum
773 3039 959 3110 conceperint,
1000 3035 1084 3089 Meu.
1098 3035 1199 3088 Medic.
1214 3047 1280 3088 tom.
1291 3037 1334 3098 X,
1350 3039 1398 3090 lib.
1415 3039 1446 3099 V,
1455 3053 1501 3106 esp.

445 3119 553 3174 interim
567 3119 631 3172 dnm
641 3119 748 3171 lassant.
758 3117 852 3172 Hasn.
1004 3132 1048 3177 rs,
1057 3133 1084 3186 p.
1094 3114 1153 3176 123,
1162 3113 1288 3186 alibique.
1297 3115 1334 3170 tt.
1345 3117 1502 3170 -crssu‘ui-

484 3215 524 3251 ιο.
535 3201 626 3250 casem
643 3217 693 3250 nou
704 3200 750 3268 fis.
768 3197 908 3259 Atbmns.
922 3195 959 3253 de
1001 3212 1067 3246 essm
1077 3197 1169 3246 asina.
1181 3193 1287 3256 fulsum
1306 3194 1337 3247 id
1354 3194 1502 3248 medicum

445 3276 561 3330 Animal.
582 3276 626 3328 lib.
644 3276 704 3339 111,
719 3287 795 3330 tract.
814 3294 840 3342 a,
854 3293 914 3346 cap.
927 3293 959 3344 9,
1001 3273 1122 3326 omnium
1133 3271 1255 3344 judiciis,
1272 3274 1321 3344 qui
1334 3275 1502 3329 tenuissimum

446 3373 510 3436 pag.
528 3355 594 3410 150:
608 3381 621 3402 a
634 3355 689 3408 Lao
706 3353 846 3418 animalis,
858 3355 957 3427 iuquit,
1001 3362 1060 3422 post
1069 3350 1218 3409 humanum
1233 3370 1290 3406 esse
1301 3365 1409 3424 putant.
1422 3356 1481 3406 nn„

445 3433 518 3507 quod
530 3435 706 3490 anterioribus
716 3433 842 3488 dentibus
850 3444 923 3490 osset
930 3433 958 3488 iu
1040 3430 1081 3486 13.
1092 3437 1202 3498 Poppaea
1210 3445 1284 3483 esrae.
1295 3433 1389 3487 Refert
1398 3433 1502 3503 hocque

446 3514 583 3584 superiore
608 3512 777 3574 mandibula,
800 3512 959 3585 eoagulatus
1001 3528 1055 3581 qus
1067 3511 1126 3577 Dio,
1136 3510 1184 3564 lib.
1196 3509 1284 3579 LXII,
1296 3529 1360 3584 με.
1375 3513 1435 3582 7ι4
1447 3510 1503 3561 liius

445 3591 629 3664 coagulatione
639 3611 693 3665 qua
711 3603 849 3664 separatur
865 3609 958 3647 easesu
1001 3590 1149 3654 luvenalis,
1160 3590 1249 3664 satyr.
1263 3594 1294 3654 6,
1310 3611 1355 3646 vs.
1370 3595 1434 3655 aso:
1448 3615 1459 3636 ι
1468 3598 1503 3641 sut

446 3690 535 3726 aseru
548 3690 555 3724 :
570 3673 612 3725 lun
626 3690 688 3726 sem
697 3671 819 3726 habentis
827 3669 959 3726 dentesiu
1001 3669 1111 3742 pinguia
1123 3670 1276 3742 Poppesna
1292 3670 1391 3742 Spiret.
1403 3696 1416 3715 .
1432 3668 1463 3719 Et
1474 3685 1503 3716 aa

445 3750 959 3822 utruquemandibula‚nouooa3ulatus
1003 3751 1055 3811 466
1069 3767 1076 3802 :
1092 3749 1215 3821 «Incipit
1226 3750 1353 3821 agnosci,
1368 3760 1448 3820 atque
1468 3744 1503 3798 illu
1556 3792 1557 3799 ,

444 3829 492 3882 tali
509 3830 711 3900 uoagulutione,
738 3842 848 3900 propter
873 3829 956 3884 subti-
999 3827 1191 3895 laetefosetus,
1209 3830 1320 3898 Propter
1333 3827 1409 3900 quod
1427 3842 1503 3879 secun

445 3907 545 3962 litatem
559 3909 642 3979 ipsius
660 3920 687 3961 et
699 3909 855 3962 tenuitatem
872 3909 957 3964 :lieet
1000 3907 1408 3974 comitmedumtssdlmssxsul
1414 3906 1504 3979 Hype-

446 3992 645 4058 forteeliaetur,
659 4004 686 4046 et
702 3991 868 4063 inspissetur,
879 3991 957 4046 sicuti
1000 3989 1114 4044 boreum
1137 3989 1161 4044 si
1182 3987 1333 4044 dimittatur
1352 3989 1389 4044 ssl
1410 4005 1503 4042 uem·-

446 4069 560 4126 diximus
578 4073 606 4126 iu
619 4073 689 4130 libro
699 4072 895 4137 isaurorum,
911 4075 958 4128 ubi
1001 4068 1072 4124 Vide
1093 4068 1162 4122 iuss-s
1181 4069 1229 4123 lib.
1246 4069 1387 4133 xxvtn,
1403 4085 1457 4140 usp.
1470 4083 1502 4123 tt·
1556 4072 1557 4077 ’

446 4149 611 4210 distinximus
631 4151 698 4206 iuter
723 4151 901 4223 nusgulsrlsilis
931 4165 959 4209 et
1003 4149 1103 4202 Dulc-
1212 4181 1217 4193 ·
1435 4145 1438 4149 ⁷
