3200 5159
586 501 747 571 LIBER
779 502 845 570 XI,
1172 505 1248 604 495

181 641 424 711 munimentum
435 653 551 709 contra
565 640 776 710 occursantia
788 636 956 726 animalia,
965 655 1024 710 aut
1034 640 1097 710 alia
1110 641 1250 715 fortuitu

182 748 369 816 incidentia.
399 746 557 816 Delluere
580 732 654 816 eas⁵
680 746 770 815 haud
796 747 963 815 immerito
989 750 1120 817 Venere
1144 750 1248 832 abun·

180 851 336 923 dantibus
356 852 501 923 tradunt.
529 856 581 921 Ex
604 836 750 922 caeteris⁶
774 848 857 920 nulli
878 867 972 941 aunt,
995 855 1059 924 nisi
1077 856 1197 951 quibus
1215 873 1249 928 et

181 961 216 1027 in
235 958 362 1055 reliquo
381 983 521 1054 corpore
537 956 605 1055 pili.
628 958 693 1028 Sed
713 957 1005 1053 quadrupedibua⁷
1025 962 1059 1029 in
1077 965 1249 1058 superiore

182 1080 310 1135 tantum
338 1089 437 1161 gena,
462 1063 654 1135 volucribus
676 1067 710 1134 in
731 1063 914 1134 inferiore:
941 1080 976 1136 et
1001 1064 1121 1162 quibus
1147 1069 1247 1142 molle

180 1186 294 1266 tergus
304 1226 313 1259 ‚
324 1187 363 1242 ut
376 1173 584 1268 serpentibus
595 1197 603 1240 ε
615 1187 650 1241 et
659 1169 912 1267 quadrupedum
925 1197 998 1268 quae
1013 1195 1077 1242 ova
1095 1178 1246 1270 pariunt,

181 1291 219 1346 ut
228 1277 365 1349 lacertae.
377 1263 694 1351 Stmthiocamelus⁸
709 1275 825 1348 alitum
835 1275 924 1367 sola,
949 1293 986 1350 ut
1000 1279 1120 1368 homo,
1134 1286 1246 1353 utrim-

178 1409 246 1477 que
259 1383 432 1480 palpebras
446 1384 556 1454 babet.

234 1494 342 1561 LVII.
363 1494 435 1561 Nec
449 1515 541 1586 genre
563 1487 696 1585 quidem
714 1487 869 1559 omnibus
896 1513 904 1558 ε
925 1489 1001 1561 ideo
1018 1518 1126 1587 neque
1142 1497 1244 1565 nicta·
1266 1525 1278 1562 ι

179 1599 287 1668 tiones
308 1599 369 1686 iis,
398 1622 472 1693 quae
492 1595 612 1667 animal
630 1594 822 1692 generant¹·
841 1597 1020 1670 Graviores
1040 1599 1173 1670 alitnm’
1191 1603 1245 1671 in-

180 1806 692 1890 PrlpebrarporroJPliniurqaumgeaaa
733 1829 769 1884 pe
782 1815 969 1874 mammiferie.
986 1817 1068 1872 modo
1090 1831 1148 1873 oete
1172 1839 1247 1876 amo·

180 1910 272 1961 vocat,
287 1897 408 1969 requitur
423 1908 555 1950 vetustum
570 1915 691 1961 morem,
734 1909 815 1958 veae,
832 1893 892 1947 cilia
905 1915 913 1949 a
926 1895 1010 1950 immo
1028 1899 1118 1952 avium
1137 1901 1246 1971 quibua·

179 1981 255 2049 cujua
282 1978 376 2030 Fertur
401 1975 547 2029 meminit:
575 2003 587 2024 ι
603 1975 691 2028 Genua
733 1969 796 2024 dam
820 1973 954 2046 palpebra
979 1995 1086 2049 quoque
1115 1980 1183 2033 cibis
1204 1981 1246 2034 in·

180 2055 617 2129 Enniueprlpebraeputat,qaum
625 2053 692 2108 dicit
733 2061 859 2118 structo,
880 2071 946 2124 quaa
964 2057 1059 2111 melina
1071 2057 1173 2129 plumae
1185 2059 1246 2114 bar·

179 2137 233 2190 boc
246 2153 341 2191 versu:
357 2134 467 2188 Pandite
481 2134 552 2188 sulti'
566 2153 645 2205 genae
666 2146 692 2188 et
733 2129 808 2182 batua
821 2132 948 2190 arbitrere
961 2151 1042 2206 quam
1056 2137 1124 2191 cilia.
1136 2141 1183 2192 Ar.

179 2215 262 2269 corde
269 2215 411 2287 relinquite
419 2232 567 2268 comatur.-
578 2212 633 2266 Atii
649 2231 692 2266 eae
776 2211 804 2264 8.
821 2209 1063 2269 Srmttocaaetm...
1084 2219 1145 2270 sola.
1163 2220 1246 2276 Arist.

181 2309 268 2366 partes
277 2307 372 2367 putant
382 2311 462 2365 genae
471 2292 541 2357 dici,
557 2311 616 2366 que
629 2304 692 2346 aaut
733 2287 785 2342 loc.
799 2289 845 2342 cit.
856 2291 950 2345 cilium
963 2312 1018 2348 erae
1029 2296 1172 2350 rtrntbioui
1182 2299 1246 2353 rcri-

180 2375 232 2428 aub
253 2374 346 2428 oculis.
366 2373 499 2426 Pacuvius
517 2390 596 2445 genae
615 2385 691 2445 putat
733 2367 791 2421 bit:
803 2369 907 2424 inferne
914 2383 1077 2441 tantum‚an
1088 2389 1114 2429 et
1122 2395 1245 2449 superne,

178 2473 252 2517 erae,
270 2471 323 2527 qua
345 2453 427 2508 barba
446 2453 565 2525 primum
587 2453 689 2516 oritur,
733 2464 789 2500 nou
810 2449 856 2502 ait.
875 2452 977 2506 Varum
993 2473 1076 2525 quum
1091 2456 1245 2514 volucribus

180 2534 232 2589 boc
249 2552 328 2589 rereu
347 2553 354 2588 :
371 2533 449 2586 Nunc
464 2534 582 2605 primum
598 2543 691 2605 opacat
734 2544 790 2580 erre
804 2529 865 2582 cilia
877 2545 980 2587 constet
994 2534 1023 2586 in
1036 2534 1163 2591 interiore
1176 2556 1245 2608 gena

180 2611 246 2668 flore
259 2615 357 2685 lanugo
370 2631 480 2685 genae.»
499 2613 591 2667 Haan.
734 2623 781 2660 eeu
804 2609 953 2680 palpebra:
975 2614 1153 2669 rtrutbiouem
1179 2637 1245 2673 vero

222 2693 249 2749 5.
272 2693 449 2765 Desinemus.
470 2692 551 2746 Arist.
576 2708 635 2762 cap.
657 2696 692 2758 4,
735 2685 940 2760 quadrupedum
952 2695 994 2745 vel
1007 2711 1040 2746 ex
1056 2713 1086 2747 ea
1104 2709 1180 2766 parte
1197 2717 1245 2752 na·

178 2775 311 2844 problem.
338 2790 390 2842 19,
409 2791 469 2844 pag.
497 2770 551 2841 705
572 2789 579 2825 :
599 2766 644 2824 dul
665 2771 690 2825 ri
734 2779 823 2819 turam
836 2769 936 2825 referre
949 2769 1022 2826 idem
1035 2771 1131 2829 doceat
1142 2776 1189 2830 lib.
1203 2780 1245 2832 1v

180 2853 244 2915 ὅσοις
259 2852 288 2905 ἂν
310 2849 454 2924 βλιφαρίδιι
476 2854 572 2923 ῥέουσι,
586 2851 692 2922 turipum
734 2842 768 2898 de
781 2847 856 2901 Part.
871 2849 962 2906 daim.
974 2871 1033 2924 cap.
1052 2863 1097 2922 14,
1108 2872 1136 2926 p.
1155 2861 1244 2921 1046,

183 2934 259 2986 -Cur
277 2933 373 2986 salaces
392 2932 420 2986 hi
440 2947 516 2998 eunt,
530 2929 627 3003 quibus
641 2931 690 3001 pili
733 2925 809 2998 quod
823 2939 851 2981 et
865 2931 1002 3001 superiore
1018 2945 1093 3004 parte
1106 2935 1246 3008 palpebrae

179 3012 370 3084 palpebrarum
391 3009 536 3066 defluunt?
552 3038 563 3059 ι
586 3010 690 3064 Locum
733 3019 823 3077 gerat,
836 3007 986 3081 βλεφαρίδας
1004 3014 1054 3082 ἔχει
1074 3013 1120 3076 τὰς
1140 3017 1244 3082 ἄνωθεν,

179 3090 251 3146 vide.
274 3091 307 3146 ld
326 3093 424 3146 iterum
451 3091 549 3162 repetit
574 3091 621 3143 lib.
648 3090 691 3143 111
733 3085 803 3138 nihil
822 3107 837 3140 a
857 3087 945 3143 Plinio
963 3103 1062 3145 temere
1083 3094 1245 3150 affirmatum

179 3169 249 3225 nin,
264 3172 352 3225 Apim,
375 3188 436 3243 cap,
460 3191 510 3234 10,
525 3189 552 3242 p.
571 3169 645 3234 348,
661 3187 691 3223 rc
734 3177 844 3221 autumo
854 3185 861 3221 :
872 3170 1018 3224 utl'inetur
1026 3173 1245 3244 postl’intianum

180 3251 279 3304 Plinius
295 3253 369 3324 ipre,
393 3270 416 3305 c.
435 3254 482 3320 94.
495 3249 592 3302 Melina
607 3247 691 3302 dixis·
733 3246 845 3300 cenauit.
868 3249 959 3302 Haan.
977 3282 1017 3294 -
1033 3250 1244 3310 demulceamur

89 3391 91 3398 y
178 3343 235 3396 aet,
251 3326 296 3384 διὰ
321 3331 346 3384 τί
370 3329 422 3383 ὅσοι
441 3329 526 3402 tripu
551 3330 690 3399 πεφύκασι,
733 3326 819 3377 alitum
831 3328 1003 3383 rohbene:
1023 3351 1086 3384 uam
1099 3349 1243 3390 notaatru·

178 3413 274 3472 τούτοις
284 3413 309 3464 ai
322 3405 466 3481 βλιφαρὶδις
475 3412 570 3481 §inuam
586 3411 630 3462 Aa.
733 3404 893 3461 thiocamelo
904 3409 1032 3480 palpebra
1046 3413 1160 3484 gemina.
1174 3419 1222 3470 Ar.

220 3494 248 3544 6.
260 3490 303 3543 Ee
311 3493 411 3544 caeteris.
425 3489 558 3546 Ecoeteria
567 3487 689 3542 animan·
773 3485 861 3540 LVII.
887 3503 912 3540 ι.
931 3489 991 3543 Ideo
1006 3489 1080 3565 nepae
1102 3498 1244 3549 nictationea

179 3569 250 3634 tibus
264 3569 356 3623 cilium
374 3570 473 3624 babent
487 3569 622 3643 palpebrir
644 3567 690 3622 ad·
734 3569 778 3630 iir,
794 3585 849 3636 (μω
868 3570 961 3621 mirac!
979 3587 1105 3641 generunt.
1129 3573 1168 3628 Ut
1189 3595 1243 3630 vee-

176 3653 303 3722 junctum
312 3651 411 3716 omnia,
420 3669 479 3723 qum
487 3648 555 3721 pilon
566 3647 690 3702 obtinent
732 3646 896 3718 pertilionee.
912 3646 1004 3704 Haan.

178 3731 282 3803 reliquo
303 3731 331 3783 in
347 3748 477 3802 corpore:
495 3723 643 3800 sstrpapldae
661 3722 689 3779 d·
776 3744 800 3779 a.
816 3725 945 3780 Graviores
955 3730 1048 3784 adeum.
1059 3733 1139 3788 Arist.
1156 3735 1202 3787 lib.
1215 3735 1243 3788 11

179 3809 220 3862 inl
239 3817 287 3863 τῶν
305 3811 428 3880 βλιφάρων
448 3811 514 3878 Ιχιι,
532 3811 580 3862 ὅσα
602 3807 687 3878 τρίχας
732 3804 799 3858 Hier.
816 3806 909 3860 Anim.
924 3828 981 3882 cap.
998 3817 1047 3879 15,
1060 3832 1120 3885 pag.
1135 3831 1200 3878 arr,
1216 3827 1244 3869 et

178 3891 238 3958 ἕχιι.
252 3891 330 3943 Arist.
345 3889 392 3942 lib.
407 3890 434 3943 Π
452 3887 486 3943 de
504 3889 576 3942 Part.
592 3887 686 3940 Anim-
732 3883 1049 3964 lib.11dePartib.cap.
1064 3895 1109 3951 13,
1126 3893 1241 3965 p.993:

177 3987 237 4038 cap.
254 3976 301 4032 14,
314 3987 374 4040 pag.
392 3971 564 4041 994111212.
732 3967 830 4020 utrae:
852 3962 880 4018 δ’
894 3969 915 4021 nl
937 3971 1019 4043 βαριῖς
1041 3980 1077 4043 τῷ
1095 3973 1164 4025 κάτω
1186 3975 1243 4038 βλι-

219 4067 247 4118 7.
256 4047 307 4100 Sed
317 4048 515 4121 qreadrapedibus.
522 4047 593 4101 Male
601 4047 689 4101 rimiae
732 4047 809 4119 pipp.
823 4045 856 4100 Id
870 4061 957 4103 tamen
973 4064 999 4104 et
1010 4053 1038 4104 in
1052 4051 1110 4105 aliia
1119 4053 1244 4106 observa·

177 4128 276 4199 excipit
289 4127 452 4185 Harduinue.
462 4129 596 4182 Omnibus
606 4129 687 4199 quip·
732 4140 798 4181 tum.
815 4129 906 4180 Hann.
