3200 5159
372 504 449 587 400
649 494 688 562 C.
716 495 885 564 PLINII
908 495 1017 562 MT.
1046 495 1178 562 Hls‘r:

340 673 352 706 1
424 630 499 698 XV.
518 616 608 720 (xv.)
626 623 695 694 Mel
715 624 896 720 plenilunio
919 625 1053 696 uberius
1080 627 1229 720 capitur,
1248 647 1362 694 serena
1385 624 1440 694 die

373 736 537 836 pinguius.
558 735 599 800 ln
621 733 712 800 omni
728 729 862 818 melle¹‚
881 731 972 826 quod
987 757 1046 826 per
1061 755 1096 802 se
1116 729 1226 818 fluxit,
1242 745 1280 800 ut
1292 745 1440 802 mustum

375 844 570 935 oleumque,
579 835 765 933 appellatur
776 835 938 907 acetum².
948 839 1093 907 Maxime
1106 835 1269 906 laudabile
1280 852 1330 906 est
1338 840 1440 908 etiam

414 1005 477 1058 XV.
495 1001 565 1055 r.1n
585 1003 650 1052 omni
664 999 746 1060 melle,
767 999 834 1071 quod
840 1019 886 1070 per
928 999 1052 1064 vinaceis,
1064 998 1439 1064 lrecibuslnvopsoirusenim

374 1109 401 1142 ,ι
413 1087 506 1158 fineis,
525 1092 553 1133 ut
575 1090 693 1143 mrum,
718 1091 768 1132 etc.
796 1080 884 1150 Lege:
928 1078 1441 1144 inoleoamurcsm,invinosiclecem

377 1168 481 1222 laamas·
491 1161 559 1212 melle
567 1157 790 1232 quodpersefioes't
800 1171 827 1210 ut
838 1179 887 1211 mu·
929 1156 984 1211 dici
1005 1159 1114 1223 volunt,
1133 1159 1207 1230 quasi
1231 1157 1349 1228 purioris
1368 1157 1441 1210 suoci

378 1261 441 1300 stum
451 1243 571 1310 oleumque
580 1240 819 1310 appellaturacetum.
827 1238 887 1290 Ma·
928 1239 1025 1291 lectum
1037 1250 1162 1302 stratum,
1178 1238 1284 1291 cubile:
1298 1237 1362 1290 bine
1371 1237 1440 1290 siess-

377 1332 441 1380 eim
453 1320 575 1375 landabile
584 1330 620 1370 est
632 1322 736 1371 aticum
745 1338 814 1371 omne
825 1321 887 1370 ruti·
928 1339 981 1383 τον,
990 1315 1147 1383 defecatum,
1157 1335 1264 1389 purum,
1275 1315 1441 1370 excrementi

379 1409 438 1470 lum,
454 1415 480 1456 nt
491 1399 607 1454 ulceribus
618 1399 811 1470 aptissimumdn
822 1403 887 1450 oesti-
930 1417 960 1451 ac
979 1395 1120 1450 sedimenti
1133 1415 1234 1468 expers.
1251 1399 1310 1468 Ego
1324 1415 1388 1449 sero
1402 1398 1441 1448 le·

379 1499 446 1539 matu
456 1494 491 1535 cst
505 1502 518 1533 e
531 1481 611 1547 tlrymo
623 1479 710 1530 coloris
722 1480 805 1540 aurei,
816 1497 888 1548 sapo-
930 1474 1046 1548 gendum
1057 1489 1122 1548 puto
1129 1476 1172 1530 vel
1184 1477 1276 1541 creda,
1288 1473 1386 1538 detdic,
1399 1477 1440 1529 rel

379 1571 413 1619 ris
437 1562 578 1634 gratissimi,
603 1556 647 1611 Sic
671 1563 697 1609 in
711 1571 769 1609 nota
791 1560 887 1622 vivunt,
930 1551 1209 1619 ccedeston,eixi8seot‚
1222 1556 1328 1609 curioso
1337 1553 1440 1610 studio·

380 1645 460 1718 quiin
470 1637 705 1712 ignominiavitam
716 1647 806 1709 agunt.
815 1635 890 1688 Gru·
931 1653 1013 1708 eoque
1027 1635 1102 1689 nullo
1113 1634 1206 1688 labore
1220 1636 1380 1688 conlectum.
1397 1635 1442 1688 Sic

380 1725 405 1779 ci
423 1737 530 1795 quoque
543 1717 638 1771 dicunt
659 1719 684 1770 tv
707 1713 804 1770 desides.
819 1715 890 1770 Vide
932 1729 959 1769 et
977 1715 1068 1780 horti,
1094 1715 1220 1780 andana,
1245 1713 1372 1769 dicuntur
1393 1715 1441 1767 lib.

380 1805 468 1857 Seni.
488 1817 548 1871 pag.
571 1797 648 1848 1008.
666 1825 705 1838 -
723 1798 814 1868 Lege:
835 1819 847 1842 ι
857 1797 890 1848 In
931 1795 1048 1860 XH1‚c.
1063 1801 1089 1858 4.
1099 1792 1288 1865 Pint.quidem
1298 1793 1373 1866 legit,
1387 1813 1442 1846 are·

377 1883 454 1936 omni
467 1879 545 1933 melle
558 1873 630 1947 qnod
644 1893 692 1946 per
713 1895 740 1928 se
757 1874 848 1939 fluxit,
861 1887 891 1928 ut
932 1875 1320 1945 don.D.-Appellaturocetum.
1333 1873 1442 1927 Maxime

381 1974 497 2015 mustum
512 1959 654 2026 oleumque
670 1955 822 2024 appelletur
836 1971 892 2006 ece·
933 1953 1056 2006 hudadile
1070 1959 1184 2006 atesinm
1194 1973 1262 2006 omne
1271 1954 1385 2017 nestum,
1400 1955 1445 2004 uel

381 2056 447 2096 mm.
465 2037 580 2092 Maxime
599 2033 733 2087 lsudsbilc
756 2045 796 2087 est
812 2033 891 2085 etism
932 2037 968 2086 sie
982 2034 1079 2086 auribus
1099 2036 1253 2104 aptissimus.
1272 2035 1302 2086 ln
1324 2036 1443 2085 restitum

381 2139 462 2175 omne
475 2117 596 2172 rutilum.
612 2139 624 2161 ι
640 2113 766 2166 Gronov.
779 2113 891 2165 Observ.
934 2124 969 2166 ert
980 2133 993 2164 e
1003 2113 1093 2184 tlrymo,
1102 2113 1188 2164 coloris
1196 2117 1273 2177 aurei,
1286 2124 1336 2166 etc.
1349 2113 1444 2178 Quan-

381 2202 429 2256 lib.
445 2199 488 2262 11,
503 2215 560 2266 cap.
576 2196 621 2248 16.
935 2206 991 2246 tum
1004 2193 1031 2244 iu
1044 2192 1166 2245 boeloco
1182 2191 1346 2245 restituendo
1354 2205 1444 2244 nostra

426 2299 450 2332 ι,
467 2275 616 2346 Appellatus
632 2283 732 2323 acetoso.
755 2271 796 2323 Ita
815 2269 892 2325 MSS.
935 2269 1250 2342 proleceritindustria,is
1261 2269 1363 2343 liquido
1370 2271 1446 2324 intel·

383 2364 482 2413 ornnes.
495 2355 550 2408 Mel
560 2351 802 2423 prestantissimum
822 2350 894 2420 opti·
934 2352 1007 2422 liget,
1015 2351 1061 2422 qui
1075 2351 1157 2420 paulo
1166 2351 1290 2403 attentius
1303 2369 1444 2422 perspexe-

383 2453 512 2507 mumque
538 2449 621 2504 grues
645 2431 702 2482 brec
728 2448 779 2482 vox
808 2441 892 2482 sonet.
934 2432 1062 2502 rit'qusm
1085 2427 1153 2482 loede
1168 2429 1196 2482 in
1210 2449 1241 2484 eo
1255 2428 1445 2500 depravando,

383 2517 499 2589 Hesych.
519 2505 631 2572 destris,
648 2510 773 2579 spuisse-ss.
787 2507 894 2561 Confir·
935 2522 1028 2564 contra
1037 2509 1111 2562 MSS.
1123 2507 1212 2574 fidem,
1223 2510 1343 2580 priorum
1354 2527 1446 2562 corre·

385 2610 493 2669 matque
512 2593 581 2646 banc
599 2588 844 2659 interpretationem
865 2585 894 2640 id
935 2602 1039 2642 ntorum
1052 2600 1164 2659 gressus
1187 2590 1220 2642 sit
1240 2587 1399 2642 emendandi
1415 2589 1447 2640 li·

384 2676 457 2750 quod
478 2672 566 2728 statim
586 2668 770 2738 subjungitur:
793 2669 895 2720 mariue
935 2666 1010 2722 bido.
1024 2667 1067 2720 Sic
1075 2667 1156 2738 igitur
1167 2667 1348 2738 libripublioi:
1365 2670 1447 2722 «soe-

385 2756 506 2811 taudatile
520 2763 556 2804 est
575 2753 661 2810 eriam,
677 2761 727 2800 ete.
747 2744 894 2812 Palladius,
937 2745 1447 2812 ton,maximelsudabileestffistivuru

384 2840 413 2892 in
435 2835 534 2896 Iunio,
547 2829 588 2882 tit.
608 2845 646 2899 7:
664 2853 675 2874 ι
686 2826 894 2897 Mella‚inquit,
937 2825 1448 2890 omnerutilum‚utdiebusconfeotum

385 2913 542 2971 conficimus
555 2906 684 2979 expressis
699 2905 841 2976 diligenter
857 2906 895 2958 la·
936 2906 1101 2959 siccioribus.
1118 2907 1290 2977 Aptissimum
1312 2907 1447 2960 existime-

385 2998 434 3050 vis.
447 2993 502 3054 idel
511 3008 601 3044 recens
611 2987 705 3059 prucis
715 2985 811 3039 diebus
823 3004 897 3056 aper·
937 2998 980 3038 tur
999 3005 1013 3038 e
1039 2985 1148 3056 thymo,
1169 2999 1221 3038 etc.
1237 3011 1248 3033 ι
1258 2985 1448 3058 Chirogrepbi‚

386 3077 419 3130 tis
426 3070 539 3127 vasculis
549 3065 702 3122 babendum
712 3077 763 3128 est,
777 3077 857 3135 etque
867 3065 896 3116 iu
937 3065 1001 3135 lleg.
1022 3083 1047 3131 r,
1063 3064 1180 3118 Colbert.
1205 3083 1230 3130 1,
1253 3083 1280 3129 s,
1300 3067 1382 3120 Paris.
1396 3079 1447 3120 etc.

386 3151 538 3209 summitate
552 3144 735 3219 purgandum,
750 3142 836 3197 donec
857 3163 896 3196 re·
943 3170 954 3191 ι
969 3147 1079 3198 Acetum
1108 3143 1222 3198 maxime
1245 3143 1377 3198 laudabile
1410 3158 1450 3198 est

386 3235 511 3306 frigerato
522 3227 609 3282 calore
628 3226 708 3278 musti
721 3242 796 3276 more
809 3221 896 3276 deler-
939 3223 1019 3276 etiem
1029 3241 1109 3276 omna
1120 3224 1244 3290 rutilum,
1255 3236 1285 3278 ut
1294 3225 1449 3278 siccioribus

386 3327 447 3369 vest
457 3330 464 3365 ε
474 3307 592 3363 nobilius
603 3306 657 3358 mel
670 3305 738 3368 erit,
751 3301 825 3374 quod
837 3313 896 3356 ante
940 3303 1102 3375 aptissimum
1126 3304 1154 3356 in
1172 3304 1313 3356 sestirustns
1332 3304 1451 3370 ethium,

387 3390 579 3465 expressionem
587 3381 897 3454 secundsmvelutspon·
940 3395 990 3436 etc.
1009 3407 1020 3428 ι
1039 3381 1082 3434 Sic
1102 3383 1141 3436 illi
1160 3383 1258 3454 egregii
1285 3385 1451 3453 conjectores

388 3489 414 3529 te
424 3466 592 3543 profluxerit.
610 3489 622 3512 ι
637 3463 672 3517 Η,
684 3464 841 3516 -Ασιεαηι,
856 3463 897 3514 Ex
939 3463 1056 3533 primunr
1075 3461 1180 3515 mutatis
1191 3462 1451 3533 interpunctionibus

386 3541 896 3625 greeodsure's.Alii,sedmeojudicio
940 3540 1095 3594 senteutiam
1118 3543 1319 3614 perturbarunt.
1345 3540 1452 3596 Deinde

387 3626 668 3706 perperam,Atticum.
681 3613 787 3686 deeris,
802 3619 830 3673 id
844 3633 896 3686 est,
940 3633 976 3672 est
988 3624 1059 3672 etiam
1073 3620 1101 3674 in
1113 3624 1218 3674 oestivum
1233 3633 1378 3675 verterunt.
1397 3624 1451 3675 Po·

387 3698 620 3785 fflfg-oss'sxudis
632 3700 755 3754 dicebant
773 3699 848 3770 quod
862 3701 898 3753 ci·
940 3713 993 3754 stea
1001 3719 1065 3754 voce
1077 3701 1273 3765 es,siceioribus‚
1280 3701 1453 3754 vehementer

388 3779 897 3861 moperembominumlluxissetspon-
940 3778 1064 3850 perculsi,
1074 3792 1104 3833 ut
1113 3781 1268 3833 sententiam
1277 3782 1453 3842 absolverent,

388 3885 430 3937 te,
444 3887 510 3923 voce
523 3860 683 3933 composita,
694 3878 726 3912 ex
739 3878 756 3910 α
770 3859 898 3931 particula
941 3858 1068 3912 addidere
1082 3857 1117 3912 de
1129 3878 1188 3926 suo,
1200 3861 1326 3931 quoniam
1338 3858 1373 3914 de
1384 3862 1454 3915 sesti·

388 3938 673 4024 privetivsetuaidopet.
684 3937 800 4005 Quidam
806 3939 899 4008 legunt
942 3959 975 3992 vo
990 3939 1068 3992 melle
1079 3939 1121 4009 agi
1133 3953 1264 4011 putarent,
1276 3959 1331 3992 non
1346 3938 1455 4013 dequo·

387 4033 495 4091 ἄιωιτον,
505 4025 543 4079 sic
553 4022 607 4076 dici
617 4030 749 4091 putentes,
762 4016 836 4088 quod
845 4031 897 4073 sta·
941 4037 1065 4090 cumque,
1075 4019 1157 4071 diebus
1165 4019 1295 4086 conseetnm
1305 4021 1453 4073 siccioribus.

388 4106 580 4167 distinxisset,
599 4119 648 4154 nec
667 4099 715 4152 diu
729 4098 854 4171 jacuisset
869 4099 897 4152 iu
942 4099 1064 4169 Denique
1078 4102 1104 4152 ἐπ
1117 4099 1314 4167 oestimatu,visa
1325 4098 1456 4174 loquendi
