3200 5159
636 522 793 590 LIBER
817 525 886 612 x..
1217 517 1285 616 357

217 649 358 740 habent,
378 675 442 722 nec
461 651 625 722 foramina
643 678 651 721 ε
670 654 784 723 audire
806 670 918 726 tamen
941 677 998 722 eos
1025 649 1135 748 pulum
1152 665 1202 722 ast
1221 679 1229 734 ς
1249 667 1288 728 ut

218 772 329 852 patet,
346 782 450 852 quum
476 756 594 853 plausu
606 762 811 880 'congregari
830 760 919 830 feros
940 758 983 829 ad
1005 759 1118 828 cibum
1137 771 1287 828 assuetu-¹

217 862 347 934 dinem
366 863 613 986 quibusdam
581 867 713 936 vivariis
734 881 929 963 spectetur:
950 880 983 935 et
1004 865 1040 934 in
1061 865 1194 960 piscinis
1214 867 1286 934 Cae·
1320 945 1326 956 Ι

217 968 317 1039 saris²
337 995 458 1066 genera
479 971 619 1066 piscium
635 970 677 1040 ad
695 997 819 1043 nomen
836 970 1246 1068 venire,quosdamque
1220 996 1286 1040 sm·

218 1074 322 1168 gulos.
340 1078 459 1171 ltaque
472 1062 676 1171 produntur³
695 1079 794 1148 etiam
811 1077 989 1148 clarissime
1008 1077 1121 1146 audire
1130 1076 1286 1174 ,mugil,

217 1178 332 1275 lupus,
355 1182 467 1278 salpa,
485 1183 649 1271 chromis,
666 1199 701 1254 et
716 1184 816 1253 ideo
807 1210 842 1253 m
855 1171 961 1254 uado⁴
977 1185 1099 1260 vivere.

270 1290 343 1357 XC.
368 1287 615 1358 Olfactum¹1is
640 1314 711 1359 esse
734 1290 907 1361 manifeste
935 1302 1054 1386 patet·
1046 1291 1195 1384 .quippe
1216 1313 1317 1358 nour

217 1417 333 1463 omnes
347 1392 483 1463 eadem²
498 1419 574 1464 esca
590 1397 791 1490 capiuntur:
810 1411 844 1466 et
861 1398 973 1492 prius,
991 1417 1090 1489 quam
1108 1409 1285 1490 appetant,

217 1499 413 1569 odorantur.
441 1500 612 1589 Quosdam
644 1516 678 1570 et
706 1501 871 1597 speluncis
897 1501 1055 1586 latentes,
1086 1501 1285 1570 salsamento

215 1604 305 1675 illitis
322 1591 494 1676 faucibus³
511 1607 639 1716 scopuli
658 1609 803 1702 piscator
821 1606 972 1704 expellit,
993 1605 1096 1676 veluti
1115 1631 1164 1676 sus
1157 1606 1284 1676 cada·

253 1827 432 1899 s.1uprscsrrss
453 1829 566 1883 Caesaris.
582 1829 643 1883 Huc
657 1809 727 1883 illud
770 1830 828 1884 his:
841 1851 852 1875 ι
864 1829 932 1884 Sunt
945 1849 1008 1884 vero
1020 1850 1067 1902 qm
1059 1829 1223 1902 'liquidius'
1215 1842 1284 1884 mter

212 1910 328 1980 pertinet
343 1909 487 1975 Martialis,
504 1910 552 1963 lib.
574 1910 627 1975 IV,
642 1916 726 1982 epigr.
769 1913 855 1981 pisces
868 1909 996 1975 eradiant,
1010 1909 1130 1981 mugilis,
1146 1910 1283 1982 chremps,

168 2001 172 2008 ·
213 1987 264 2052 3ο,
280 1987 324 2041 eui
339 1987 450 2052 titulus,
469 1989 516 2042 Aa
523 1993 683 2059 piscatorem,
700 2002 728 2042 ιιι
768 1990 866 2060 lupus,
878 1989 964 2060 salpa,
978 1989 1112 2056 chromis,
1127 2003 1221 2044 caetera
1240 1990 1281 2061 pi·

205 2069 292 2137 sagius
300 2086 382 2120 seems
388 2070 466 2138 pisces
477 2068 605 2122 Baianos:
618 2096 630 2118 ι
642 2070 726 2122 Sacris
769 2069 855 2122 scium
869 2069 1061 2140 generaminus
1069 2068 1191 2133 audiunt,
1201 2087 1282 2140 quam

210 2146 330 2218 piscihus
349 2145 391 2199 hss
407 2159 533 2201 natantur
553 2147 650 2214 unde,
670 2149 726 2214 Qui
769 2148 806 2202 oh
820 2167 877 2204 rem
891 2148 951 2201 imis
966 2147 1115 2220 gurgitibus
1128 2149 1225 2204 versari
1235 2168 1282 2219 po·

210 2239 312 2278 norunt
323 2225 477 2290 dominum,
491 2246 653 2298 manumque
662 2227 727 2280 lam·
769 2228 822 2282 tius
835 2228 929 2283 rotent.
941 2253 953 2273 ·
966 2228 1009 2281 Sic
1020 2228 1133 2282 hahetur
1146 2228 1174 2280 in
1190 2229 1281 2299 graecis

210 2305 279 2358 hunt
299 2305 462 2378 illamqua
482 2307 551 2358 nihil
567 2321 605 2360 est
618 2309 646 2359 in
660 2307 726 2360 orbs
769 2307 916 2362 Aristotelis
929 2308 1132 2377 exemplaribus.
1157 2308 1189 2360 ln
1204 2308 1282 2360 trala-

211 2387 305 2457 msjus.
317 2384 392 2449 Quid
411 2384 485 2457 quod
497 2405 596 2439 nomen
608 2386 724 2452 habent,
767 2388 842 2440 tione
860 2405 922 2440 sero
940 2385 1074 2440 Theodori
1095 2401 1122 2441 et
1135 2390 1212 2447 mirus
1229 2406 1280 2458 pro
1313 2440 1318 2450 ,

212 2475 240 2516 ct
252 2462 286 2517 ad
301 2466 421 2540 magistri
440 2465 543 2519 Vocem
555 2467 669 2538 quisque
683 2468 725 2519 sui
768 2470 836 2528 imis,
852 2479 878 2520 et
888 2467 994 2538 siremps
1006 2469 1095 2538 piscis,
1109 2466 1186 2520 sicuti
1205 2461 1280 2537 apud

211 2545 285 2613 veuit
297 2544 408 2597 citatus?
419 2568 430 2591 ι
442 2545 478 2599 Ει
486 2544 534 2598 lib.
545 2545 585 2610 X,
599 2546 725 2616 epigram.
767 2546 896 2612 Plinium,
904 2543 1279 2617 desideratur.Expendendus

214 2621 249 2674 3ο
260 2640 267 2676 :
278 2648 290 2670 ι
301 2624 405 2677 Piscina
417 2622 562 2677 rhombum
576 2627 677 2697 pascit,
698 2638 726 2678 et
768 2625 982 2696 igiturhiclocus
992 2624 1147 2690 accuratius,
1158 2625 1279 2697 nihilque

210 2703 291 2773 lupos
303 2722 404 2756 vernas.
420 2703 499 2757 Natat
514 2703 547 2758 ad
567 2705 725 2776 magistrum
768 2717 867 2757 temere
884 2703 1063 2758 statuendum.
1082 2704 1224 2758 Athenaeus
1237 2723 1278 2760 se*

211 2779 324 2835 delicata
355 2800 496 2836 murtena:
519 2784 726 2837 Nomenculator
767 2785 862 2855 ptimo,
871 2803 974 2858 cremycs
987 2784 1068 2856 piscis
1082 2783 1216 2848 meminit,
1230 2786 1278 2854 qui

211 2861 338 2932 mugilem
359 2863 422 2915 citat
442 2875 551 2929 notum,
571 2863 606 2917 Et
635 2862 725 2918 adesse
767 2861 927 2936 lapidemin
943 2863 1277 2936 capitehabeat,citatque

209 2941 274 3010 jussi
285 2940 420 3013 prodeunt
428 2960 503 2996 senes
513 2942 621 2995 mulli.
633 2944 726 3012 Lupu-
767 2943 952 3008 Aristotelem,
977 2941 1051 3014 apud
1080 2960 1160 3014 quem
1189 2955 1278 2996 tamen

211 3019 269 3072 lum
279 3019 544 3092 qmdemmsrmum
536 3042 564 3075 sn
574 3021 664 3076 Caroli
673 3023 724 3087 lx
766 3024 868 3075 chromis
878 3035 930 3084 est,
943 3042 997 3076 non
1010 3022 1200 3095 cremys.P11ss.

210 3099 281 3168 regis
292 3100 461 3157 christianiss.
482 3103 583 3173 piscina
592 3105 667 3173 juxta
682 3120 724 3154 re·
808 3115 834 3164 4.
858 3103 896 3154 Et
910 3102 990 3156 ideo
981 3123 1006 3160 sa
1019 3103 1094 3184 vado
1101 3105 1187 3154 virere.
1214 3100 1276 3166 Quo

211 3178 281 3248 giam
293 3179 407 3252 Luparae
419 3181 578 3245 enutritum,
587 3179 723 3234 adrocem
766 3195 840 3248 metu
865 3183 955 3253 capti,
982 3149 1118 3253 fugatique
1140 3181 1276 3252 strepitu,

212 3258 309 3328 lepalc,
329 3259 428 3329 apuu,
449 3261 632 3324 clamantium,
647 3273 673 3314 et
689 3260 724 3313 ad
765 3259 902 3324 secedunt,
914 3260 1006 3317 Hauc.

94 3401 97 3404 ⁴
211 3355 305 3391 corum
319 3357 432 3404 manns,
451 3341 498 3412 qni
516 3340 594 3411 panis
613 3340 724 3393 frustula
805 3341 866 3394 XC.
883 3359 908 3394 1.
921 3337 1165 3408 Olfactum.llsscde
1178 3339 1276 3394 olfactu

209 3417 724 3488 proiicerentpocurreresolitnmpidis·
764 3421 878 3491 piscium
908 3419 988 3478 tradit
1011 3421 1091 3474 etiam
1111 3419 1275 3486 Aristoteles,

211 3513 240 3548 se
257 3515 285 3549 se
305 3509 417 3550 testatur
429 3497 522 3552 Feder.
534 3499 679 3563 Mosellus,
694 3500 722 3551 in
765 3501 832 3553 llist
848 3499 962 3564 Auimal.
975 3499 1022 3552 lib.
1037 3500 1088 3564 IV,
1101 3517 1160 3570 cap.
1176 3501 1203 3566 8,
1215 3517 1274 3570 pag.

210 3576 283 3628 notis
294 3575 332 3629 ad
341 3577 441 3630 Hamil.
454 3579 508 3630 Vll
522 3578 610 3631 Basilii
627 3579 656 3630 in
668 3577 722 3632 lle-
767 3582 834 3643 481.
846 3579 943 3647 Ηιιιι,

211 3671 297 3709 xaem.
307 3657 399 3709 Hsan.
808 3677 833 3712 a.
851 3659 910 3713 Non
922 3677 1002 3710 omnes
1013 3657 1095 3712 eadem
1109 3677 1163 3710 esca
1177 3662 1276 3728 capiun-

253 3740 278 3788 3.
291 3735 376 3808 ltaque
389 3735 663 3806 produnturclcrisss'me
675 3756 720 3789 cu·
764 3751 812 3791 tar.
828 3737 881 3791 Sed
897 3739 1025 3790 familiare
1037 3739 1150 3809 quisque
1164 3737 1275 3790 alimen·

212 3812 280 3877 dire,
293 3816 386 3886 mugit,
403 3817 487 3887 lupus,
502 3818 589 3889 sapa,
610 3817 720 3871 circui.
763 3831 820 3871 tum
830 3816 966 3883 hahet,ad
980 3816 1055 3888 qnod
1068 3816 1189 3870 adnatat:
1202 3817 1275 3888 sslpa

212 3891 335 3957 Quatuor
347 3894 392 3949 hic
401 3895 485 3966 pisces
492 3897 665 3950 nominantur
674 3897 721 3967 qui
763 3896 798 3950 ad
810 3909 910 3951 stercus
922 3910 948 3950 et
965 3894 1091 3968 porrum,
1111 3897 1226 3968 polypus
1240 3893 1275 3949 ad

211 3971 355 4026 clsrissime
376 3973 504 4028 audiunt.
528 3987 612 4069 quum
631 3989 721 4029 tamen
764 3978 866 4042 oleam,
878 3987 927 4030 etc.
934 3976 1007 4030 Vade
1017 3973 1154 4030 liondclet.
1166 3975 1214 4029 lib
1224 3976 1276 4042 lv,

212 4049 287 4121 spud
307 4052 474 4108 Aristotelem
490 4056 607 4129 quinque
622 4055 676 4109 sint
688 4056 721 4107 li·
766 4075 827 4128 cap.
841 4074 881 4109 ιο.
893 4057 985 4112 Hsnn

204 4126 387 4204 hecquem,
399 4135 601 4207 espitcoctavo,
617 4136 724 4190 hisrcr·
812 4138 838 4191 3.
854 4134 1214 4204 Salsamentosllsussarscilus,
1227 4147 1278 4189 etc.

1102 4229 1173 4314 23¹
