3200 5159
487 533 489 536 -
583 500 744 569 nmen
776 500 842 568 xr.
1169 501 1245 601 495

178 639 421 709 munimentum
432 650 548 707 eontra
562 638 772 707 occursantia
785 634 953 723 animalia,
962 651 1021 707 aut
1030 637 1094 707 alia
1107 638 1247 713 fortuitu

178 745 366 814 incidentia.
395 743 553 814 Dessuere
577 729 651 813 eas⁵
677 744 767 813 houd
792 745 959 812 immerito
985 747 1116 814 Venere
1141 747 1245 829 abun·

177 849 333 920 dantibus
352 849 498 920 tradunt.
526 853 577 918 Ex
601 833 746 920 caeteris⁶
770 845 853 918 nulli
874 864 969 938 sunt,
991 852 1055 921 nisi
1074 853 1194 948 quibus
1211 870 1246 925 et

178 958 212 1024 in
232 955 359 1052 reliquo
377 981 518 1051 corpore
534 954 601 1052 pili.
625 955 690 1025 Sed
710 955 1002 1050 quadrupedibus⁷
1022 959 1057 1026 in
1074 962 1246 1055 superiore

178 1077 307 1132 tantum
335 1087 433 1158 gena,
459 1061 651 1132 volucribus
673 1063 707 1130 in
727 1061 911 1131 inferiore:
938 1077 972 1133 et
998 1062 1118 1158 quibus
1145 1067 1244 1139 molle

177 1183 291 1263 tergus
301 1223 310 1256 ‚
322 1184 360 1239 ut
372 1170 581 1264 serpentinus
592 1193 600 1237 :
612 1184 646 1238 et
656 1166 909 1264 quadrupedum
921 1194 995 1264 quae
1010 1193 1074 1240 ova
1092 1175 1243 1267 pariunt,

177 1289 215 1343 ut
225 1274 362 1346 iacertae.
373 1261 691 1348 Stmthiooamelus⁸
706 1273 822 1344 alitum
832 1274 921 1364 sola,
945 1290 982 1346 ut
997 1277 1117 1367 homo,
1131 1283 1244 1350 utrim-

175 1405 243 1474 que
256 1379 429 1477 palpebras
443 1381 552 1452 habet.

231 1491 339 1558 LVII.
360 1491 432 1558 Neo
446 1513 538 1582 genae
559 1484 692 1582 quidem
710 1485 866 1556 omnibus
892 1511 901 1554 z
921 1488 997 1558 ideo
1015 1516 1123 1585 neque
1139 1493 1241 1562 nicta·
1262 1523 1275 1560 ι

176 1596 284 1665 tiones
305 1596 366 1684 iis,
395 1619 468 1690 qua·
488 1592 609 1664 animal
627 1591 819 1690 generant'·
838 1595 1017 1667 Graviores
1036 1596 1170 1667 alitum²
1188 1600 1242 1668 in-

177 1803 602 1887 Pulpebrarporro]Pliniuaquum
609 1831 689 1885 genae
730 1827 765 1881 pe
779 1811 966 1872 minutioris,
983 1815 1065 1869 modo
1086 1829 1144 1870 oete
1169 1835 1243 1872 emo·

177 1907 269 1957 vorat,
284 1893 405 1966 requitur
420 1904 552 1946 retuetum
567 1911 687 1958 morem,
731 1906 813 1955 rete,
829 1890 889 1944 ciii·
901 1911 910 1946 ε
923 1892 1006 1947 immo
1025 1896 1115 1949 arium
1134 1898 1243 1968 quibua·

176 1977 252 2046 cujus
279 1975 372 2027 Fertur
398 1971 543 2026 meminit:
572 2000 584 2022 ι
598 1971 688 2025 Genus
731 1967 793 2020 dum
817 1971 951 2044 palpebrae
975 1993 1082 2046 quoque
1112 1977 1180 2030 eiiiie
1199 1978 1243 2032 in.

176 2055 279 2107 Ennius
286 2051 425 2125 palpebrae
434 2063 613 2124 putet,quum
622 2049 688 2105 dicit
730 2058 855 2114 structu,
877 2069 943 2121 quun
961 2053 1055 2108 melino
1067 2055 1170 2126 plumae
1181 2057 1243 2111 ber·

176 2135 229 2187 hoc
243 2151 338 2188 versu:
354 2131 464 2185 Pandite
478 2131 549 2185 eulti'
563 2149 642 2204 genas
662 2142 689 2185 et
730 2127 805 2180 butas
818 2130 945 2188 arbitrere
958 2150 1038 2203 qnam
1053 2134 1120 2189 cilia.
1133 2138 1180 2189 Ar,

175 2212 258 2268 eorde
266 2211 408 2284 relinquite
416 2229 564 2266 somnum.»
574 2210 630 2264 Atii
646 2229 689 2264 eae
773 2208 801 2261 8.
818 2206 1060 2266 Srnutumetu...
1080 2216 1142 2268 sola.
1159 2217 1242 2272 Arist.

177 2305 265 2363 partes
274 2305 369 2365 putent
379 2309 458 2362 genre
469 2290 538 2354 dici,
554 2309 613 2363 que
625 2302 688 2344 runt
730 2284 782 2339 loc.
796 2287 842 2339 cit
853 2289 947 2343 cilium
960 2308 1014 2345 eree
1026 2292 1168 2347 rtruthioni
1179 2297 1242 2350 eori-

177 2373 228 2424 rub
250 2370 343 2426 ooulie.
363 2370 495 2424 Pacuvius
513 2389 593 2443 genae
611 2383 688 2442 putet
730 2365 787 2419 bit:
800 2367 903 2422 inferne
912 2381 1030 2438 tuntum,
1041 2386 1111 2427 anet
1118 2391 1242 2447 superne,

174 2471 248 2514 eree,
267 2469 320 2524 quu
341 2451 424 2506 barba
443 2451 561 2523 primum
584 2450 686 2526 oritur,
729 2462 786 2497 nou
806 2447 853 2500 uit.
872 2449 974 2502 Verum
989 2469 1073 2522 quum
1087 2453 1241 2511 volucribue

177 2531 229 2586 hoc
246 2550 325 2586 rerru
344 2551 352 2585 :
368 2530 446 2584 Nunc
460 2531 578 2603 primum
594 2541 689 2602 opucet
730 2541 787 2578 eree
801 2526 862 2579 cilia
874 2541 977 2583 constet
991 2531 1020 2582 in
1032 2531 1160 2588 inferiore
1173 2553 1242 2605 genu

177 2609 244 2665 flore
257 2612 354 2683 lanugo
367 2629 477 2682 geum·
496 2610 587 2664 iimo.
731 2621 778 2656 reu
800 2606 949 2677 palpebra:
972 2611 1150 2666 struthionem
1177 2634 1242 2670 vero

220 2690 246 2745 5,
268 2691 381 2762 Deflm
396 2709 445 2743 m,
466 2689 547 2743 Arisr,
573 2705 631 2760 ap.
653 2694 688 2756 ρ,
731 2681 937 2757 quadrupedum
949 2691 1037 2743 velex
1052 2709 1082 2744 ea
1100 2706 1176 2763 parte
1194 2714 1242 2748 ne·

176 2770 308 2840 problem.
335 2787 387 2840 19,
406 2788 466 2841 pag.
494 2767 547 2838 705
568 2787 576 2822 :
595 2763 641 2822 διὰ
661 2767 687 2822 τί
731 2776 819 2816 turam
833 2765 932 2821 referre
945 2766 1018 2822 idern
1032 2768 1127 2826 doceat
1139 2773 1186 2827 lib.
1200 2776 1242 2829 1v

177 2849 241 2912 ὅσοις
256 2849 285 2903 ἂν
307 2845 450 2920 βλιραρίδις
472 2850 568 2920 ρίουσι,
583 2849 688 2919 λάγνοις
730 2840 765 2895 de
778 2845 852 2897 Part.
867 2846 959 2902 Auim.
971 2867 1029 2920 cup.
1048 2860 1094 2918 rt,
1105 2869 1132 2923 p.
1152 2858 1240 2919 1046,

179 2957 191 2978 ι
200 2931 256 2983 Cur
274 2929 370 2983 ealrcee
388 2929 417 2983 hi
436 2942 513 2995 eunt,
527 2927 623 3000 quibua
637 2927 687 2998 pili
730 2921 805 2994 quod
819 2937 847 2978 et
861 2927 999 2998 superiore
1016 2943 1090 3001 purte
1103 2931 1242 3004 palpebrae

176 3008 367 3081 prlpebrrruru
388 3007 533 3063 defluunt?
548 3034 560 3056 ι
583 3007 686 3060 Locum
729 3013 819 3074 geret,
833 3004 983 3078 βλεφαρίδας
1001 3011 1051 3079 ίχιι
1071 3009 1116 3073 τὰς
1136 3013 1240 3080 uitetur,

176 3087 247 3142 vide.
271 3087 304 3142 Id
323 3089 421 3142 iterum
449 3088 546 3159 repetit
570 3087 617 3140 lib.
645 3086 687 3139 111
730 3081 798 3134 nihil
819 3102 833 3136 u
854 3084 942 3140 Piiuio
960 3100 1059 3143 temere
1080 3090 1241 3147 affirmatum

176 3167 246 3222 Hire.
260 3169 349 3222 Anim.
372 3185 432 3239 cop.
457 3187 506 3230 ro,
521 3186 549 3239 p.
567 3165 642 3232 348,
657 3183 687 3219 ae
730 3173 857 3218 rutumo:
868 3177 898 3218 ut
907 3167 1014 3221 Pinetue
1023 3170 1241 3241 postPintirnum

176 3247 277 3300 Plinius
291 3249 366 3320 ipre,
390 3266 413 3301 o.
432 3253 478 3316 94.
492 3245 588 3300 Melius
604 3243 687 3298 dixir-
730 3243 842 3296 oeuruit.
864 3246 955 3299 Hrnn.
973 3279 1014 3291 -
1029 3247 1241 3307 struthiocamelus

85 3389 87 3394 ¹
174 3340 232 3393 eet,
248 3322 293 3380 διὰ
317 3327 343 3381 τί
367 3325 419 3379 iou
438 3327 522 3398 λάγνοι
547 3326 686 3396 reputare,
730 3322 889 3376 alitumsola.
903 3326 975 3380 Bene
991 3345 1000 3379 τ
1019 3347 1083 3382 nrm
1096 3345 1240 3386 notnsrru·

175 3409 271 3469 τούτοις
281 3409 306 3460 ui
319 3402 463 3477 βλιριρίδις
472 3407 567 3476 pirum
582 3407 626 3458 Ar.
731 3400 889 3456 thioctmelo
901 3406 1029 3476 palpebra
1042 3410 1156 3480 gemina.
1170 3415 1218 3466 Ar.

216 3491 244 3540 6.
257 3487 408 3540 Ercoeteris.
422 3483 686 3542 Eureterieanimen·
770 3481 857 3535 LVII.
883 3499 908 3537 t.
928 3485 988 3538 Ideo
1003 3486 1077 3561 reque
1098 3494 1240 3546 nictatiouee

176 3566 246 3630 tibus
261 3567 353 3620 cilium
372 3566 469 3622 habent
484 3565 619 3639 palpebris
640 3563 686 3619 ed·
731 3565 775 3626 ir'r,
790 3581 845 3632 quoe
864 3565 957 3618 minat
976 3582 1101 3638 generare.
1125 3570 1164 3625 Ut
1185 3592 1239 3627 vee-

172 3647 475 3719 junctunromnia,quu
483 3645 552 3717 pilos
562 3643 687 3699 obtinent
729 3641 892 3714 pertilionee.
908 3643 1001 3700 Bran.

174 3728 279 3799 reliquo
300 3728 328 3780 in
343 3745 474 3799 corpore:
492 3720 640 3796 iitrpapidae
658 3719 686 3776 δ’
772 3741 797 3776 a.
813 3721 942 3777 Graviores
952 3727 1045 3780 alitum.
1055 3729 1135 3784 Arist.
1152 3732 1239 3786 lih.11

175 3806 216 3859 tet
236 3815 284 3859 τῶν
301 3809 424 3877 βλιράρων
444 3809 511 3875 ίχιι,
529 3807 577 3858 iou
599 3805 684 3875 τρίχας
729 3802 795 3856 ttist.
812 3804 906 3858 Anim.
920 3824 977 3878 erp.
994 3815 1044 3874 15,
1056 3829 1116 3882 pag.
1132 3827 1196 3875 arr,
1212 3824 1240 3866 et

174 3889 235 3954 ἔχει.
249 3887 327 3940 Arist.
342 3887 388 3938 lib.
403 3887 430 3940 II
448 3885 482 3939 de
501 3885 572 3939 Part.
589 3884 683 3937 Anim-
729 3882 1046 3961 tib.11dePrrtib.cap.
1060 3891 1106 3948 13,
1123 3907 1152 3960 p.
1164 3890 1238 3960 993:

174 3983 234 4036 cap.
251 3972 298 4029 14,
311 3985 371 4037 pag.
389 3973 454 4038 994.
471 3967 560 4019 Hrnu.
729 3965 827 4017 Mirum
849 3959 876 4016 δ’
891 3966 912 4019 oi
933 3968 1015 4040 βαρεῖς
1037 3976 1073 4038 τῷ
1091 3968 1160 4021 κάτω
1183 3971 1240 4035 fite·

216 4063 244 4114 7.
253 4043 303 4096 Sed
313 4044 511 4117 quadrupedibus.
519 4043 589 4097 Mate
598 4043 686 4097 eimiue
729 4044 806 4115 ρείρρ.
819 4043 853 4096 Id
867 4057 953 4100 temen
969 4049 1034 4101 etin
1048 4048 1106 4101 aliie
1116 4049 1240 4102 observa·

173 4125 272 4194 excipit
285 4123 449 4180 Harduiuue.
459 4125 592 4178 Omnibus
603 4126 685 4195 quip·
729 4136 794 4177 tum.
811 4125 902 4177 Hrnn.
