3200 5159
581 505 741 574 LIBER
767 503 813 574 X.
1147 505 1222 606 273

154 659 217 706 nec
238 631 336 704 ulla¹²
349 635 418 705 avis
428 636 463 704 in
472 636 596 723 Ponto,
612 635 719 705 insula
728 620 751 660 '³
765 659 832 730 qua
842 634 989 730 sepultus
1003 651 1053 705 est
1061 637 1222 725 Achilles,

155 756 317 813 sacratam
338 743 367 812 ei
384 729 532 810 aedem¹⁴.
552 744 593 810 In
613 742 769 812 Fidenate
787 765 870 837 agro
888 741 984 835 juxta
1002 744 1119 814 urbem
1141 748 1225 815 cico-

154 850 218 918 niae
232 873 294 918 nec
312 847 439 944 pullos,
454 872 516 917 nec
528 847 645 916 nidum
665 847 802 917 faciunt.
819 851 864 917 At
881 850 916 916 in
937 848 1054 943 agrum
1072 850 1225 921 Volater·

86 975 88 978 ·
155 979 275 1024 ranum
298 952 503 1049 palumbium
527 955 576 1022 vis
594 978 613 1022 e
634 956 718 1023 mari
741 955 919 1048 quotannis
942 954 1087 1025 advolat.
1108 960 1224 1028 Romae

155 1063 191 1128 in
204 1059 307 1130 aedem
320 1045 497 1130 Herculis¹⁵
511 1060 546 1128 in
561 1059 635 1128 foro
644 1062 781 1147 Boario,
793 1085 856 1130 nec
868 1085 1008 1148 muscae,
1021 1086 1083 1131 nec
1091 1048 1115 1087 ¹⁶
1127 1089 1224 1134 canes

156 1167 291 1235 intrant.
319 1165 429 1236 Multa
453 1179 611 1262 praeterea
641 1163 782 1250 similia,
811 1191 884 1259 quac
910 1167 1057 1262 prudens
1085 1169 1259 1249 subindet

155 1275 277 1342 omitto
299 1271 334 1340 in
360 1269 495 1367 singulis
517 1270 712 1366 generibus,
737 1271 871 1341 fastidio
904 1296 1045 1368 parcens
1066 1299 1075 1341 r
1102 1277 1226 1371 quippe

156 1403 260 1473 quum
279 1378 529 1472 Theophrastus
550 1377 660 1446 tradat
668 1378 854 1447 invectitias
867 1401 938 1448 esse
953 1380 989 1448 in
1001 1378 1110 1449 Asia¹⁷
1126 1384 1226 1464 etiam

79 1485 80 1488 ’
157 1482 347 1572 columbas,
370 1498 406 1554 et
426 1507 590 1580 pavones,
609 1497 643 1552 et
661 1507 799 1570 corvos,
822 1497 855 1552 et
877 1485 911 1551 iu
931 1473 1147 1578 Cyrenaica¹⁸
1167 1513 1227 1557 vo·

158 1588 246 1660 cales
269 1614 377 1659 ranas.

211 1698 321 1766 XLII.
341 1694 414 1765 Alia
431 1695 605 1764 admiratio
625 1697 714 1764 circa
731 1697 859 1766 oscines
876 1720 884 1765 :
903 1697 973 1766 fere
990 1712 1122 1768 mutant
1135 1700 1225 1770 colo·
1250 1725 1260 1756 ¹

159 1828 231 1872 rem
247 1825 430 1896 vocemque
446 1816 597 1898 tempore
613 1801 709 1887 anni,
726 1825 765 1871 ac
782 1817 919 1898 repente
933 1802 1020 1872 liunt
1031 1803 1121 1893 aliae3
1135 1808 1225 1901 quod

158 1911 194 1978 in
209 1908 387 2004 grandiore
404 1905 519 1976 alitum
538 1931 658 2002 genere
679 1905 793 2003 gmes¹
817 1923 946 1980 tantum
966 1934 974 1978 :
993 1910 1045 1980 hae
1062 1913 1151 1980 enim
1171 1938 1226 1983 se-

159 2029 294 2084 nectute
307 2015 508 2109 nigrescunt
517 2011 666 2083 Merula²
677 2038 717 2082 ex
727 2014 822 2109 nigra
834 2015 986 2102 rufescit,
995 2017 1085 2086 canit
1095 2032 1222 2099 aestate,

158 2121 268 2190 hieme
289 2105 467 2206 balbutit³‚
485 2121 573 2192 circa
595 2118 771 2190 solstitium
791 2136 896 2190 muta.
915 2123 1074 2191 Rostrum
1093 2149 1225 2219 quoque

158 2293 282 2359 Bootis,
299 2309 351 2365 qua
370 2292 476 2365 attingit
498 2293 614 2347 Atticam
627 2312 669 2347 re·
712 2293 814 2346 Iterum
824 2292 931 2346 Plautus
939 2293 967 2346 in
973 2294 1090 2348 Mostell.
1103 2322 1115 2343 ι
1126 2316 1227 2351 ...unus

159 2375 291 2446 gionem:
315 2374 343 2426 iu
362 2373 482 2427 Atticum
501 2374 587 2427 solum
613 2392 669 2426 uon
714 2367 756 2444 isti
771 2390 863 2426 sertus
874 2385 913 2425 est
923 2376 1079 2428 sacerrimus
1087 2377 1227 2442 Tranio,ie

159 2464 328 2508 transmeant.
341 2449 432 2506 liano.
713 2450 754 2503 vel
781 2451 904 2504 Herculis
930 2465 1067 2507 conterere
1092 2468 1224 2525 quaestum

177 2525 180 2533 ¹
203 2550 250 2586 n·
261 2533 314 2586 Nec
328 2533 379 2584 ulla
396 2535 456 2587 avis.
471 2531 595 2598 Solinus,
610 2549 667 2602 cap.
713 2530 821 2601 possiet.
835 2557 846 2578 ι
860 2530 929 2584 Dan.

159 2627 288 2684 χωρας.
298 2611 345 2679 38;
353 2612 477 2684 Antigon.
492 2611 595 2683 Caryst.
607 2629 668 2682 cap.
757 2610 1079 2665 iehammenna
1090 2612 1118 2664 in
1126 2613 1226 2677 Quest.

164 2693 229 2757 134.
239 2693 329 2744 Hann.
708 2690 792 2742 ‘Rom
807 2706 868 2760 pag.
887 2691 953 2744 285.
967 2689 1059 2744 Haan.

204 2769 668 2844 13·Insulaquasepu1tusutAchilles.
756 2788 798 2840 ¹7·
817 2771 880 2821 Esse
899 2773 925 2822 ire
938 2772 1016 2834 Asia,
1030 2783 1080 2823 etc.
1094 2772 1177 2825 Hosis
1186 2786 1226 2826 ta·

160 2850 255 2904 Albam
265 2845 422 2905 Ptolemaeus
433 2862 518 2904 vocat.
527 2850 583 2904 Sita
591 2864 630 2904 est
640 2850 668 2903 in
713 2866 774 2902 meu
785 2868 842 2902 ravo
855 2849 959 2920 Syriam
969 2852 1227 2924 totamcaturpeipava

160 2948 207 2982 ore
225 2929 351 2984 Tartariae
367 2929 490 2992 minoris,
510 2942 571 2983 ante
586 2937 669 3001 Bory-
713 2928 808 2994 fuisse,
821 2947 854 2981 ex
866 2928 947 2982 sacris
958 2930 1061 3001 paginis
1072 2931 1151 3000 plane
1163 2951 1227 2986 con·

160 3005 260 3063 athenis
272 3010 384 3076 ostium,
393 3028 474 3081 supra
487 3008 534 3062 lib.
548 3009 589 3062 1v
590 3045 599 3076 ,
612 3028 670 3081 cap.
714 3007 812 3061 ficitur.
824 3008 915 3061 Hann.

166 3090 325 3142 12.Dauc.
758 3089 804 3142 18.
828 3087 859 3139 Ia
881 3087 1014 3159 Cyrenaica
1031 3089 1128 3142 uocales
1144 3111 1226 3144 ranas.

204 3173 247 3231 ¹4·
257 3167 358 3220 AEdera.
369 3169 410 3220 Ex
421 3167 601 3238 superioribus
611 3169 673 3222 sub·
714 3167 753 3220 Ea
768 3165 803 3219 de
825 3185 855 3220 re
877 3164 980 3220 dictum
1002 3169 1137 3238 superius,
1155 3171 1226 3224 libro

162 3243 281 3318 intellige
294 3248 433 3300 transvolat.
441 3247 531 3301 Hsnn.
707 3247 797 3310 ,vt11‚
811 3265 869 3318 cap.
880 3247 927 3300 83.
939 3247 1029 3300 Hnan.

205 3325 249 3380 15.
263 3327 293 3378 In
306 3324 379 3379 oedem
393 3323 514 3380 Herculii.
527 3325 598 3380 Vide
614 3345 672 3399 qua
755 3325 841 3379 XLII.
856 3343 879 3378 ι.
905 3325 985 3380 Grues
1002 3327 1228 3383 tantum.A1·istot.

162 3418 252 3459 notata
266 3418 344 3471 sunt,
361 3407 407 3459 lib.
422 3407 552 3471 XXXIV,
566 3425 623 3479 cap.
644 3426 671 3478 7.
716 3405 784 3458 Hist.
799 3401 1091 3476 Anim.lib.111,cap.
1110 3425 1227 3479 ro,pag.

162 3485 271 3537 Herculi
297 3486 359 3540 hinc
387 3481 519 3540 bonorum
542 3483 672 3540 decimam
717 3485 790 3550 3523
813 3484 934 3550 Solinus,
951 3502 1008 3556 cap.
1036 3504 1084 3550 ro,
1100 3504 1162 3558 pag.
1180 3491 1225 3542 28.

163 3565 275 3618 Romani
294 3561 434 3630 dicabant,
453 3570 601 3630 sacrabant,
620 3566 672 3618 eol·
717 3565 808 3618 Hann.

162 3645 276 3698 rebant:
291 3642 364 3698 uude
375 3641 480 3717 lepidus
496 3647 573 3716 jocus
585 3645 673 3698 Plauti
759 3663 784 3696 a.
799 3641 904 3695 Mende.
916 3639 1023 3697 Aristot.
1034 3643 1102 3698 Hist.
1113 3646 1227 3699 Animal.

163 3723 192 3776 in
215 3722 409 3778 Bacchidibus:
439 3750 451 3772 ι
467 3724 495 3778 Si
519 3725 591 3796 frugi
616 3737 673 3788 est,
716 3724 764 3778 lib.
777 3724 826 3787 IX,
837 3742 895 3794 cap.
909 3721 957 3793 75,
971 3727 1096 3794 partili.
1107 3724 1225 3787 Nostris,

163 3803 304 3856 Herculem
312 3804 373 3857 lecit
387 3817 521 3875 exparte:
534 3802 673 3858 decumam
717 3804 788 3857 merle
803 3806 866 3856 noir.
877 3803 969 3855 Htan.

162 3893 264 3952 partem
277 3885 302 3936 ei
323 3882 418 3948 Dedit,
437 3883 488 3936 sibi
509 3903 605 3937 novem
619 3885 675 3937 ebs·
760 3891 783 3937 ³.
798 3883 883 3934 Hieme
902 3881 1015 3934 balbutit.
1034 3880 1160 3948 Turdos,
1175 3901 1229 3936 me·

165 3961 233 4014 tulit.
245 3987 256 4009 υ
270 3964 326 4016 Cic·
336 3963 370 4016 de
384 3964 444 4017 Nat.
460 3959 540 4016 Deor.
559 3990 568 4010 ι
581 3963 675 4036 Neque
717 3963 797 4026 eules,
808 3975 921 4026 sturnos,
931 3958 1047 4014 turtures
1055 3963 1229 4017 hiemelntere

163 4039 271 4094 Herculi
292 4040 421 4096 decimam
443 4043 582 4115 quiequam
601 4045 676 4096 vovit
718 4043 811 4097 scribit
824 4043 905 4095 Arist.
925 4041 994 4095 Hist.
1012 4039 1062 4094 lib.
1072 4042 1157 4100 vm,
1171 4062 1229 4114 cap.

164 4138 299 4192 unquam,
315 4123 337 4176 si
352 4123 456 4196 sapiens
468 4124 554 4176 factus
567 4135 639 4177 esset.
659 4150 670 4171 ι
723 4125 763 4177 16.
771 4124 882 4175 Dan-
889 4121 972 4194 Cujus
979 4121 1189 4176 baecverbazToo
1199 4119 1231 4177 di

218 4211 291 4296 JV(
1052 4229 1097 4298 18
