3200 5159
581 510 741 577 moun
767 512 832 577 1x.
1194 506 1239 599 75

156 636 249 734 p0¹,
272 652 309 708 et
318 637 457 727 asellis',
482 639 656 710 Cornelius
672 644 803 735 Nepos,
821 654 855 710 et
879 640 1040 709 Laberius
1053 642 1156 734 “poeta
1175 642 1241 709 mi-

158 864 239 919 ravit
252 864 360 918 Plinius
369 863 487 936 quidem,
500 864 547 917 lib.
555 864 687 929 xxxm,
730 876 796 918 teste
808 854 868 929 (lib.
882 864 1006 926 XXXII,
1020 882 1077 935 cap.
1094 854 1141 930 rr)
1157 864 1240 936 aqui·

160 962 294 1015 capu,
309 945 385 997 hunc
400 944 437 997 ait
452 962 507 996 non
520 944 689 1015 ltalinigno
729 943 840 996 busdam
864 944 936 1015 elopi
968 944 1133 997 tribuebatur
1161 962 1240 1016 sapor

160 1036 242 1088 tum,
263 1042 355 1096 neque
368 1042 433 1095 erga
448 1042 509 1076 cum
528 1024 605 1093 elope
622 1040 687 1076 con·
729 1021 881 1094 palmarius.
925 1026 964 1076 Ita
988 1024 1095 1075 Matreu
1122 1023 1241 1094 parodut

160 1102 358 1170 fundendum,
377 1103 411 1157 de
423 1122 477 1174 qno
488 1102 566 1156 ovid.
578 1102 686 1157 lltl.vs.
728 1105 756 1157 ln
771 1104 898 1157 Athenaeo
918 1103 990 1157 hunc
1003 1103 1196 1156 nobilissimum
1212 1115 1240 1157 et

167 1200 250 1252 197:
265 1204 278 1227 ι
290 1185 326 1236 Et
347 1184 478 1253 pretiosus
496 1183 569 1253 elops
591 1183 688 1237 nostris
729 1184 786 1237 Diis
799 1202 861 1236 rere
878 1182 985 1255 dignum
1002 1183 1100 1255 piscem
1118 1202 1239 1254 pronun·

168 1262 428 1333 incognitnsundis.
440 1288 452 1309 ι
469 1261 686 1316 sedidemOvid.
728 1264 785 1315 tiat.
800 1264 856 1315 Nec
869 1280 953 1333 parvo
970 1263 1113 1315 constabat.
1132 1262 1238 1324 Varro,

167 1340 208 1394 de
222 1343 394 1412 acipensere,
405 1360 431 1394 v.
445 1343 498 1403 34:
516 1342 627 1412 uTuqne
639 1360 687 1413 pe·
728 1354 793 1395 teste
806 1342 911 1405 Nonio,
922 1343 997 1395 hunc
1015 1342 1129 1394 multum
1143 1360 1240 1395 mosius

163 1423 286 1493 regi-inis
305 1422 442 1493 acipenser
456 1422 554 1475 nobilis
569 1421 657 1474 undis.
669 1446 682 1467 ι
728 1422 770 1474 ael
784 1423 1002 1475 multinummum
1012 1420 1126 1473 dicebat.
1140 1422 1239 1475 AElian.

165 1500 308 1554 Ceterum
319 1520 373 1554 non
382 1519 412 1554 ea
421 1502 450 1553 in
462 1501 601 1554 nominum
614 1498 686 1572 apud
729 1500 810 1554 tradit
826 1492 886 1568 (lib.
898 1502 982 1564 VIII,
997 1516 1056 1571 cap.
1075 1498 1138 1564 28),
1151 1502 1236 1571 pisca·

165 1581 284 1634 Veteres
299 1580 446 1633 constantia
466 1594 492 1633 et
505 1581 687 1635 convenientia
728 1592 810 1645 tores,
818 1582 915 1651 quibus
924 1579 953 1633 id
962 1580 1106 1650 contigerat
1114 1592 1145 1632 ut
1157 1598 1235 1653 cape·

165 1660 237 1725 fnit,
259 1672 362 1712 utnon
381 1660 559 1731 acipenserem
579 1679 693 1732 quoqne
728 1672 788 1713 rent
811 1660 930 1732 elopem,
945 1672 971 1712 ct
984 1660 1086 1723 navim,
1107 1671 1134 1713 et
1156 1670 1235 1731 caput

165 1740 366 1809 appellaverint
395 1740 531 1809 vulgarem
563 1753 685 1793 nostrum
727 1758 859 1793 coronare
874 1740 958 1802 sertis,
971 1752 997 1792 et
1012 1740 1075 1791 tuba
1089 1740 1236 1793 samanun-

165 1818 339 1886 stnrionem,
362 1818 434 1872 unde
448 1820 527 1871 Plinii
544 1836 685 1889 argumen·
727 1818 879 1890 liarequum
888 1817 1237 1889 portumrepeterent3quod

167 1899 246 1951 tatio.
263 1900 299 1949 At
313 1898 487 1951 Ilondeletius
501 1916 556 1951 non
567 1899 684 1970 cogitans
725 1916 781 1949 non
805 1899 919 1950 inultum
938 1895 1039 1950 recedit
1059 1898 1093 1949 ab
1115 1897 1157 1951 his
1177 1914 1237 1969 quat

166 1976 246 2030 unde
266 1977 331 2030 salto
354 1978 562 2031 existimaverint
574 1979 684 2031 Veteres
726 1977 930 2042 Sammonicus,
947 1978 1066 2029 Macrob.
1078 1977 1125 2029 lib.
1141 1978 1184 2029 rit.
1201 1978 1239 2029 ait

167 2058 333 2128 acipenseris
350 2074 471 2128 squamas
488 2070 561 2110 retro
578 2076 682 2120 versas,
726 2057 841 2121 iactum,
857 2058 1008 2127 acipensere
1021 2054 1054 2108 ad
1065 2057 1130 2127 imp.
1147 2056 1237 2109 Severi

167 2136 199 2188 id
216 2136 290 2208 elopi
308 2138 449 2207 proprium
462 2156 517 2190 esse
531 2137 627 2208 lingit,
644 2154 684 2189 as·
727 2152 844 2189 mensam
862 2135 958 2188 delato.
973 2135 1058 2189 Pallas
1072 2135 1235 2207 (Zoograph.

167 2217 289 2287 seritque
303 2216 375 2269 hunc
389 2217 566 2269 characterem
578 2216 683 2287 acipen-
729 2217 802 2268 Ross.
829 2216 875 2268 lib.
905 2216 965 2279 III,
998 2234 1059 2286 pag.
1083 2212 1154 2285 ²97)
1181 2215 1236 2268 eln-

169 2296 223 2348 seri
232 2296 363 2347 tributum
371 2297 404 2348 als
415 2295 447 2347 iis
454 2296 501 2367 qui
510 2295 574 2349 duas
584 2296 684 2367 specics
725 2312 786 2366 pem
798 2306 875 2367 putat
888 2292 1029 2365 quemdum
1047 2312 1061 2347 e
1074 2296 1238 2347 sturionibus

169 2373 380 2427 contundebant.
402 2374 454 2428 Sed
473 2376 502 2427 in
517 2376 593 2427 nullo
612 2375 684 2447 pisce
727 2374 827 2427 ceteris
854 2374 1044 2445 spinosiorem,
1058 2386 1083 2427 et
1101 2374 1237 2445 Marsiglio

169 2452 249 2525 qnod
262 2454 399 2519 norimus,
409 2467 528 2512 notatur,
537 2455 684 2526 potuitque
726 2450 851 2517 (Danub.
863 2455 916 2520 IV,
933 2456 986 2507 tab.
1000 2470 1059 2517 xrr,
1077 2453 1124 2505 iol.
1144 2445 1172 2521 a)
1193 2472 1236 2506 re·

171 2534 247 2605 elops
281 2552 338 2587 esee
370 2534 413 2586 vel
452 2535 597 2605 ipsissimus
624 2534 684 2600 ,itte
725 2545 914 2605 presentatum
930 2534 979 2585 suh
994 2533 1103 2587 nomine
1122 2534 1237 2586 llusonis

169 2614 270 2679 stertet,
292 2614 336 2667 vel
355 2614 482 2686 quaslibet
503 2631 518 2666 e
533 2613 682 2667 sturionum
725 2616 801 2667 sexti.
817 2613 868 2667 sed
881 2612 948 2686 quid
960 2614 989 2665 in
1004 2630 1079 2665 causa
1097 2631 1146 2665 cur
1164 2613 1238 2665 hunc

170 2694 316 2764 speciebus.
333 2694 446 2764 Appian.
465 2712 507 2765 ep.
527 2695 683 2746 Athenaeum
726 2694 890 2765 pracipuea
909 2694 1051 2747 Veteribus
1063 2694 1237 2745 nominatum

170 2769 408 2843 (lih.VlIl,pag.
426 2772 494 2841 ²94)
511 2773 564 2837 ait,
581 2784 612 2825 ut
629 2773 683 2825 Pli·
727 2774 835 2844 elopem
863 2772 975 2838 credat,
1003 2790 1058 2824 non
1089 2773 1235 2842 subjungit.

170 2853 251 2916 nius,
278 2853 382 2923 elopem
398 2853 521 2905 eumdem
548 2870 603 2905 esse
620 2870 683 2905 cum
726 2854 783 2907 Nec
803 2872 906 2906 necesse
927 2863 965 2906 est
982 2851 1121 2925 adjiciam,
1137 2854 1236 2923 piscem

170 2932 339 3002 acipensem
354 2950 441 3004 neque
452 2931 597 3005 quidquam
610 2950 642 2984 ex
653 2933 685 2984 iis
726 2934 901 2986 euiLinnaeus
914 2950 1011 2988 nomen
1026 2932 1153 3002 imposuit
1163 2934 1237 3003 elapis

170 3028 232 3083 qne
252 3008 288 3063 de
312 3012 389 3082 elope
412 3012 515 3083 prolata
537 3024 600 3064 sunt
621 3012 683 3064 huic
724 3018 801 3076 saun,
810 3032 895 3084 quum
911 3012 943 3065 sit
956 3013 984 3064 in
999 3013 1106 3081 Europa
1118 3012 1238 3083 incogni-

170 3092 337 3162 synonymiae
350 3091 682 3162 contradicitfleeoqni-
727 3105 785 3156 tns,
810 3090 876 3145 nihil
900 3094 997 3144 habere
1021 3090 1094 3161 quod
1107 3092 1237 3145 Veterum

171 3170 234 3223 dem
245 3171 287 3223 bis
297 3184 399 3225 tantum
412 3162 470 3240 (lib.
482 3174 524 3236 ΙΙ,
536 3188 595 3240 cap·
610 3173 644 3224 13
657 3184 683 3223 et
728 3172 799 3241 elopi
812 3173 960 3225 conveniat.
972 3172 1089 3224 Curras.

174 3240 224 3319 rs)
239 3250 375 3321 Stagirita,
405 3250 451 3303 sed
475 3249 510 3302 ad
538 3251 684 3302 anatomica
769 3252 898 3303 XXVIII.
919 3270 940 3304 1.
963 3252 1039 3320 Lupo.
1060 3249 1143 3302 Gallis
1158 3248 1238 3315 labia,

171 3329 292 3400 quodam
308 3329 480 3402 approbanda
497 3348 557 3401 quaa
575 3330 614 3382 nil
627 3332 682 3382 sin·
729 3329 833 3399 inquit,
848 3330 1010 3401 Hippolytus
1026 3329 1177 3393 Salvianus,
1191 3329 1237 3381 fol.

170 3410 263 3480 gulare
285 3430 315 3463 sc
334 3411 476 3481 proprium
503 3410 610 3463 habeut.
629 3408 682 3462 Sed
730 3414 792 3464 108.
813 3410 961 3467 Bellonius‚
974 3410 1068 3461 arbor.
1084 3409 1239 3461 Ambrosius
1266 3460 1267 3465 ,

170 3506 221 3560 per
234 3490 383 3542 Varronem
395 3480 442 3556 (de
459 3490 497 3542 lle
510 3490 620 3554 rustica,
634 3490 681 3541 lib.
726 3490 754 3541 in
770 3488 897 3543 Hexaem.
915 3490 962 3543 lib.
982 3490 1017 3555 V,
1036 3506 1090 3559 cap.
1112 3508 1140 3551 s,
1160 3488 1237 3559 lupo-

171 3569 213 3632 11,
228 3586 287 3639 cap.
303 3562 347 3636 6),
359 3582 387 3622 et
400 3569 516 3622 Plinium
530 3568 611 3632 (libro
625 3568 682 3633 lx,
726 3586 786 3621 rum
802 3568 1006 3623 teneritudinem
1025 3568 1092 3620 mire
1106 3586 1239 3621 commen·

171 3665 230 3719 cap.
247 3646 305 3715 54),
314 3648 438 3701 novimus
451 3648 539 3701 Rhodi
551 3649 623 3701 hunc
636 3666 683 3719 op·
726 3648 780 3701 dat.
793 3650 884 3702 Hinn,

172 3728 270 3780 timum
284 3729 376 3793 fnisse3
392 3727 465 3801 quod
481 3726 514 3782 de
529 3730 680 3799 acipensere
769 3747 795 3781 a.
812 3730 848 3799 Et
866 3728 956 3781 asellis.
973 3729 1064 3793 Quum
1080 3728 1238 3781 merlucium

171 3808 355 3861 Archestratus
374 3802 427 3879 (ap.
442 3809 539 3861 Athen.
553 3809 600 3862 lib.
612 3808 680 3874 vlt,
723 3820 844 3860 nostrum
854 3809 960 3862 asellum
969 3810 1139 3879 interpretor,
1147 3807 1173 3860 id
1182 3826 1241 3860 eru·

172 3902 230 3959 cap.
249 3885 327 3956 295),
343 3888 451 3941 Colum.
466 3888 512 3941 lib.
525 3890 606 3952 VIII,
621 3906 680 3958 cap.
726 3886 843 3940 dirorum
867 3890 951 3960 magis
970 3889 1107 3942 consensui
1130 3888 1237 3950 tribuo,

175 3968 411 4031 16,etAElianos,
430 3968 480 4021 lib.
498 3968 681 4035 V111,c.a8,
725 3986 804 4039 quam
835 3969 975 4039 exploratas
1001 3968 1062 4021 satis
1088 3980 1239 4039 apertaeque
1273 4006 1276 4013 .

172 4045 199 4097 in
211 4048 278 4098 mari
291 4047 465 4119 pamphylico
486 4048 593 4112 lomnt,
608 4046 681 4119 quod
727 4048 839 4100 veritati.
850 4049 950 4101 Asellos
962 4049 1031 4100 enirn
1042 4066 1098 4117 cap.
1113 4046 1161 4109 2⁵,
1174 4045 1241 4098 dixit

171 4143 186 4177 a
202 4125 364 4179 llhodonon
380 4127 477 4196 procul
490 4126 579 4181 distat.
594 4128 683 4180 Plinio
727 4128 827 4180 Plinius
843 4140 930 4180 aestate
953 4128 1033 4181 latere
1052 4146 1058 4180 ε
1081 4127 1240 4196 latebrasque
