3200 5159
615 489 777 557 LIBER
816 491 861 558 X.
1200 481 1270 556 313

201 621 455 704 obmutescens,
469 618 636 713 quondam
654 621 859 689 existimatus
877 618 963 686 inter
976 640 1067 686 raras
1086 640 1174 685 aves.
1197 620 1271 686 Jam

202 742 237 798 ct
252 728 285 796 in
302 724 409 797 Gallia
424 727 648 821 Hispaniaque
660 727 808 820 capitur,
828 739 863 795 et
883 747 944 818 per
960 721 1059 817 Alpes
1075 723 1193 809 etiam,
1211 724 1270 793 ubi

204 846 240 904 et
248 831 539 927 phalacrocoraces
546 818 570 918 ¹¹,
585 855 663 901 aves
673 831 859 900 Balentium
871 827 1051 900 insularum
1069 826 1268 922 peculiares:

203 940 288 1010 sicut
303 937 435 1033 Alpium
452 933 680 1033 pyrrbocorax
692 923 715 1024 ⁵,
735 935 826 1006 luteo
841 949 967 1023 rostro,
984 918 1095 1029 niger-⁶
1111 960 1119 1002 :
1135 949 1169 1004 et
1186 960 1269 1030 prae·

203 1046 305 1139 eipuo
317 1069 434 1139 sapore
450 1043 606 1139 lagopus⁷
625 1069 634 1112 ε
655 1042 756 1138 pedes
771 1041 920 1138 leporino
931 1039 1010 1110 villo
1027 1065 1151 1108 nomen
1165 1043 1196 1109 ei
1204 1041 1269 1111 hoc
1363 1117 1368 1123 ,

205 1149 342 1238 dedere,
362 1165 482 1219 caetero
498 1149 665 1234 candidas,
685 1146 915 1219 columbarum
933 1145 1170 1241 magnitudine.
1191 1149 1268 1216 Nou
1288 1177 1302 1212 2

203 1270 298 1324 extra
311 1271 434 1326 terram
446 1280 518 1325 eam
530 1254 740 1344 vescilacile,
753 1254 887 1350 quando
898 1277 960 1324 nec
973 1254 1051 1322 viva
1061 1256 1270 1341 mansuescit,

1069 1373 1086 1406 0

203 1486 310 1566 (Elian.
321 1495 368 1550 lib.
381 1496 433 1561 IV,
444 1515 467 1550 e.
480 1493 545 1562 Aah
567 1495 713 1550 inimicitia
758 1497 863 1569 pbaueo
876 1498 938 1567 joco
952 1491 1015 1558 (dv.
1028 1515 1054 1548 v.
1069 1487 1139 1565 769)
1156 1494 1189 1549 de
1200 1497 1271 1567 lugi·

203 1594 265 1630 cum
279 1576 348 1646 gallo
361 1577 519 1646 gerebantur
533 1571 587 1645 (id.
602 1577 650 1629 lib.
663 1577 714 1642 vt,
756 1577 814 1630 tivo
834 1595 914 1647 quem
928 1576 964 1629 ob
979 1575 1110 1628 maculosa
1125 1589 1198 1647 terga
1213 1577 1271 1630 vult

204 1673 262 1725 cap.
278 1645 335 1725 45).
349 1653 431 1719 Quod
450 1655 488 1708 ait
509 1656 629 1710 Ionicum
650 1655 715 1708 olim
757 1657 925 1728 iusttageuas
936 1673 1032 1727 corpus
1043 1655 1189 1708 transferri.
1200 1656 1268 1710 Cuv.

204 1735 318 1787 maxime
332 1734 475 1805 placuisse,
495 1735 592 1788 Noster
609 1733 716 1789 videtur
758 1736 900 1788 -Vccals's
913 1736 993 1800 alius,
1018 1747 1068 1788 etc.
1085 1736 1147 1787 Haec
1171 1736 1270 1806 pariter

203 1813 340 1866 Horatiani
362 1813 414 1866 loci
434 1815 584 1868 meminisse
602 1833 611 1872 a
630 1842 641 1864 ι
654 1815 715 1866 Non
758 1813 879 1868 Socrates
887 1814 960 1884 apud
971 1814 1142 1872 Atheuuum,
1154 1814 1268 1879 tib.1x‚

204 1905 309 1964 attagen
334 1893 439 1947 Ionicus
464 1894 609 1965 jucundior
627 1894 715 1958 Quam
757 1912 819 1966 pag.
837 1895 909 1956 388,
930 1893 1205 1947 effitiantttnsn.
1220 1895 1268 1948 lib.

125 1989 129 1996 ’
203 1973 271 2026 lecta
284 1970 318 2026 de
335 1973 515 2044 pinguissimis
535 1975 612 2040 Olina
636 1973 715 2026 ramis
758 1975 822 2039 XV,
832 1993 889 2046 cap.
903 1993 947 2040 ²7·
961 1973 1054 2028 Haau.

204 2053 340 2118 arborum,
352 2065 420 2106 etc·
438 2053 503 2106 blor
518 2066 607 2107 tamen
618 2054 715 2107 fatetur
800 2060 827 2116 4.
840 2054 1064 2106 Plaalucrocomces.
1075 2053 1135 2106 Hoc
1146 2065 1203 2116 est,
1215 2053 1268 2106 cal·

204 2132 232 2184 iu
253 2131 351 2198 Gallia,
367 2132 715 2204 Hispania,Alpibusbnuo
757 2133 785 2186 vi
810 2123 974 2205 (φαλακρὸς)
1004 2133 1078 2185 corvi
1110 2123 1268 2204 (adpuasck

204 2212 323 2284 capi.1n
343 2210 527 2266 bisuilvideo
547 2211 619 2285 quud
639 2212 714 2283 palu·
757 2232 851 2266 vocem
876 2212 911 2266 de
938 2231 1008 2264 corvo
1025 2213 1163 2283 frigilegu,
1187 2213 1269 2267 Liuu.

204 2305 285 2345 strem
300 2307 374 2344 avem
389 2304 493 2362 arguam
504 2311 553 2346 uec
567 2299 631 2346 tanti
647 2292 714 2346 facio
756 2293 829 2364 aulg.
846 2283 948 2361 saeue(
966 2289 1023 2345 vid.
1043 2293 1115 2344 uult.
1136 2292 1168 2345 ic.
1192 2293 1268 2358 484)

203 2369 391 2442 Aristophanis
401 2370 564 2426 Scholiasteu
575 2373 621 2444 qni
632 2369 665 2424 ad
675 2390 713 2425 rs.
757 2390 812 2424 nou
826 2373 947 2445 ineptum
957 2370 1104 2443 intelligere
1112 2372 1200 2443 primo
1209 2373 1270 2444 qui-

205 2451 303 2504 Arium
326 2450 398 2514 250,
419 2463 545 2522 auagenu
567 2453 605 2506 ait
623 2449 714 2504 sedem
757 2449 820 2504 dem
850 2452 958 2506 intuitu.
991 2449 1043 2504 Sed
1077 2470 1136 2522 qua
1168 2453 1270 2505 Plinius

203 2529 275 2583 iuter
289 2530 432 2601 palustria,
452 2532 516 2585 hinc
531 2551 569 2584 vs.
586 2529 714 2595 adoillu·
757 2531 922 2586 alioiuloco
946 2526 1077 2595 (tiuxl,
1091 2549 1147 2602 cap.
1162 2523 1211 2601 67)
1229 2533 1269 2602 ja·

202 2621 302 2676 suana,
322 2610 370 2662 ubi
387 2609 421 2664 de
436 2623 554 2682 attagena
566 2611 642 2664 nihil.
659 2609 714 2664 Nee
757 2612 809 2675 cit,
821 2630 932 2664 mouens
950 2629 1045 2664 curcum
1053 2615 1189 2681 aquaticum
1198 2608 1270 2678 dici,

172 2683 179 2694 ⁴
204 2687 312 2742 videtur·¹
327 2686 356 2741 id
370 2691 532 2744 auctoritatis
546 2692 715 2744 satisssseut
756 2691 783 2743 iu
799 2689 829 2743 id
843 2691 1006 2763 impulerunt
1018 2691 1185 2761 zoologistas,
1193 2702 1224 2743 ut
1235 2688 1269 2744 ad

204 2785 265 2822 cum
278 2769 714 2842 Burroucredaturattagenaesse
753 2771 893 2841 pelecanum
926 2770 1050 2822 carbomm
1085 2771 1164 2822 Liun.
1194 2789 1268 2823 veru.

202 2867 302 2918 gmuss,
312 2849 355 2900 vel
361 2851 476 2920 ge'lt'notte
488 2851 529 2902 des
542 2855 630 2902 mamis
641 2848 714 2920 apud
756 2871 880 2904 cormorun
891 2842 1024 2918 (Ballou,
1037 2850 1071 2904 ic.
1084 2868 1138 2919 9²7
1150 2841 1269 2916 laomen

204 2929 319 2998 Auglos,
338 2939 416 2981 teti-ao
436 2927 545 2982 Scationa
562 2931 625 2982 Gm.
639 2929 714 2994 Quin
756 2930 981 3003 phalaerocoracis
1006 2931 1187 2982 transferrent.
1215 2931 1269 2982 Iste

204 3007 261 3060 bec
271 3009 326 3061 avis
338 3008 438 3062 nullam
455 3009 549 3062 incolit
564 3029 596 3062 ex
617 3009 650 3062 iis
670 3027 714 3061 re·
757 3012 837 3064 carbo
852 3011 922 3064 enim
940 3009 1019 3062 rostri
1038 3009 1121 3062 basim
1140 3008 1268 3079 aliquate-

204 3087 331 3158 gionihos
348 3089 465 3159 quasilli
482 3089 593 3159 patriam
604 3089 715 3141 Veteres
756 3110 806 3144 nus
827 3089 925 3142 nudam
949 3090 1044 3155 babet,
1065 3088 1154 3141 uentri
1178 3100 1266 3140 tamen

207 3165 314 3232 dixere,
342 3181 368 3220 et
393 3169 554 3239 palustribus
575 3168 642 3221 locis
662 3184 715 3238 qua
755 3171 782 3223 in
791 3170 930 3222 Balearicis
940 3169 1032 3222 insulis
1044 3168 1185 3239 peculiaris
1194 3166 1269 3221 sedes

204 3245 296 3316 Anglia
309 3259 335 3299 et
341 3245 484 3301 Caledonia
494 3261 625 3312 censetur,
631 3245 714 3318 degit.
756 3265 803 3302 est.
818 3251 935 3303 Curras.

205 3325 278 3396 Ergo
309 3325 344 3379 de
364 3340 483 3381 tetraoue
504 3327 613 3381 bonacia
634 3327 713 3378 Linn.
797 3330 824 3383 5.
849 3329 950 3399 Aluium
971 3330 1173 3399 pyrrhocum...
1187 3331 1264 3398 niger.

204 3400 248 3468 (ie.
264 3412 339 3476 474,
358 3398 426 3478 475)
439 3418 465 3461 et
479 3419 599 3460 tetraoue
613 3407 714 3460 elebata
756 3408 807 3462 Hic
824 3421 864 3461 est
884 3408 1090 3460 Liunuistarum
1113 3427 1195 3458 conus
1208 3427 1269 3479 pyr·

203 3484 284 3538 Lina.
300 3481 343 3546 (ic.
362 3487 412 3540 105
431 3499 457 3539 et
474 3477 554 3552 106),
575 3487 627 3540 itta
640 3487 713 3538 euim
756 3489 892 3550 rhotum,
918 3488 989 3558 vulg.
1007 3488 1112 3539 clocurd
1129 3487 1171 3538 des
1192 3487 1269 3558 Alpes

202 3563 258 3616 l'ere
268 3565 329 3617 sole
339 3568 393 3636 jam
406 3557 517 3632 restsut,
529 3567 712 3636 beueaccepe·
756 3560 824 3638 (vid.
837 3567 908 3620 nult.
919 3567 952 3619 ic.
965 3558 1043 3634 531).
1058 3568 1175 3620 Cuvrsn.
1238 3592 1241 3599 ·

202 3643 248 3696 ris.
263 3644 383 3708 Quarum
400 3659 487 3698 tamen
501 3647 631 3718 posterior
647 3645 714 3697 mibi
799 3652 825 3701 6.
836 3647 1054 3716 Niger.Voculam
1064 3648 1133 3699 banc
1145 3664 1177 3698 ex
1189 3646 1267 3698 MSS.

204 3724 320 3776 arriserit
329 3745 337 3788 ς
347 3726 448 3796 quippe
460 3743 518 3796 quau
528 3746 586 3779 rara
598 3724 714 3780 oceumit
759 3725 934 3780 addidimus:
957 3746 1037 3798 quam
1051 3745 1093 3780 res
1106 3726 1162 3797 ipsa
1178 3743 1268 3796 posce·

206 3803 258 3856 nisi
275 3804 301 3855 in
316 3803 461 3857 Galliarum
479 3805 712 3868 meridionalibus,
756 3807 811 3861 bat.
827 3806 918 3858 Hsuu.

203 3883 274 3934 etin
292 3883 433 3955 Hispania,
447 3885 563 3956 priorem
581 3902 712 3958 nusquam
787 3907 825 3957 .7.
841 3885 1051 3956 Lugapudinu.
1062 3897 1139 3935 letrau
1152 3885 1265 3954 lagopus,

202 3979 257 4013 uon
279 3962 392 4030 habente
413 3965 495 4018 ltalia.
513 3967 583 4017 Tum
605 3963 713 4018 maculis
755 3967 829 4036 vulg.
842 3966 970 4036 lugupede,
980 3967 1020 4018 vel
1029 3965 1129 4035 perdrix
1141 3964 1171 4014 de
1183 3968 1266 4032 serpe,

204 4040 288 4111 nigris
312 4055 338 4094 et
360 4045 478 4096 caeruleis
498 4063 553 4098 ruas
573 4043 713 4098 distinctus
756 4045 830 4116 quod
847 4047 935 4098 hieme
951 4045 1062 4098 omniuo
1073 4042 1189 4097 candeat.
1202 4041 1266 4096 Vid.

149 4139 152 4148 ¹
203 4132 258 4186 est,
281 4139 340 4193 quas
367 4122 452 4178 lucem
474 4125 589 4178 afferunt
606 4125 711 4180 Aristo·
756 4125 1083 4195 Bult'.ic.129.Cuvrn.
