3200 5159
353 492 424 566 350
620 492 660 561 C.
686 494 858 563 PLINII
886 493 994 562 ΝΑΤ.
1021 493 1150 561 HIST.

352 628 395 698 ab
406 650 525 721 opere,
543 623 726 719 falluntque
740 623 894 718 gravida.
909 625 1038 696 Vicisse
1054 608 1239 718 Olympia⁶⁵
1252 649 1424 720 praegnan-

352 749 420 803 tem
435 730 660 803 Echecratidis
673 728 823 800 Thessali
839 732 1036 800 invenimus.
1055 733 1184 824 Equos,
1204 744 1238 799 et
1257 755 1375 819 canes,
1387 749 1423 802 et

353 864 428 910 sues
453 839 570 907 initum
601 842 803 906 matutinum
831 852 1015 932 appetere,
1039 836 1176 906 seminas
1205 851 1316 906 utitem
1345 855 1424 932 post

302 981 335 1015 ιο
353 944 522 1016 meridiem
534 943 675 1014 blandiri
692 942 915 1038 diligentiores
934 943 1080 1013 tradunt.
1096 945 1207 1037 Equas
1219 941 1362 1014 domitas
1376 971 1423 1014 ux

353 1052 468 1124 diebus
501 1053 634 1146 equire,
669 1064 846 1144 antequam
869 1049 1017 1144 gregales
1041 1073 1048 1114 :
1071 1073 1146 1118 sues
1168 1064 1299 1119 tantum
1330 1053 1422 1122 coitu

353 1183 504 1254 spumam
523 1182 581 1226 ore
599 1155 739 1226 fundere
756 1181 764 1224 :
781 1180 912 1226 verrem
931 1156 1080 1226 subantis
1100 1155 1211 1225 audita
1235 1181 1336 1243 voce,
1356 1159 1420 1227 uisi

352 1265 565 1352 admittatur,
580 1261 691 1334 cibum
705 1287 773 1332 non
791 1287 911 1358 capere
926 1263 1078 1356 usquein
1095 1263 1235 1330 maciem
1252 1288 1261 1331 r
1280 1262 1421 1333 feminas

353 1385 463 1442 autem
486 1371 521 1439 in
541 1383 670 1439 tantum
687 1368 835 1453 efferari,
851 1383 889 1436 ut
905 1369 1075 1438 hominem
1097 1367 1258 1454 lacerent,
1280 1369 1421 1441 candida

352 1477 496 1546 maxime
520 1489 611 1545 veste
633 1475 795 1544 indutum.
825 1474 947 1545 Rabies
973 1499 1012 1544 ea
1046 1489 1141 1544 aceto
1167 1476 1339 1568 mitigatur
1362 1501 1421 1545 na·

354 1597 436 1652 turae
449 1603 593 1677 asperso.
607 1581 756 1652 Aviditas
770 1582 876 1650 coitus
893 1595 1030 1675 putatur
1043 1595 1078 1650 et
1095 1565 1207 1651 cibis⁶⁶
1222 1580 1318 1649 fieri:
1337 1584 1422 1652 sicut

354 1690 426 1759 viro
447 1673 597 1774 eruca⁶⁷,
615 1687 727 1782 pecori
745 1711 844 1782 crepa.
867 1688 952 1777 Quae
968 1712 1008 1756 ex
1028 1686 1104 1756 feris
1125 1688 1334 1782 mitigentur,
1353 1715 1421 1758 non

354 1779 582 1889 concipere⁶⁸,
593 1808 632 1862 ut
646 1817 778 1864 anseres
797 1818 805 1862 ι
824 1817 923 1888 apros
937 1818 1017 1863 vero
1031 1793 1143 1881 tarde,
1160 1808 1194 1864 et
1206 1818 1343 1882 cervos,
1357 1820 1422 1865 nec

353 1901 415 1970 nisi
434 1901 476 1970 ab
497 1899 633 1968 infantia
651 1898 825 1986 educatos,
843 1902 966 1968 mirum
980 1914 1038 1969 est.
1059 1899 1323 1995 Quadrupedum
1342 1926 1423 1995 prae-

354 1990 527 2104 ςῐιιιιιῑιιι69
543 2008 711 2075 Venerem
726 2020 857 2090 arcent,
875 2021 995 2100 prater
1013 2005 1163 2100 equam⁷⁰
1183 2019 1218 2074 ct
1234 2029 1337 2075 suem.
1355 2005 1422 2076 Sed

354 2111 593 2208 superfetant⁷¹
613 2111 756 2206 dasypus
775 2127 810 2182 et
827 2112 921 2208 lepus
938 2127 1079 2182 tautum.

353 2285 448 2351 licant,
461 2281 535 2356 quod
547 2302 574 2337 se
584 2281 759 2338 defendunt·
772 2285 865 2338 Hiran.
910 2285 1097 2358 exemplumin
1106 2285 1242 2339 anseribus
1248 2286 1348 2339 statuit:
1359 2301 1423 2339 uam

352 2366 520 2418 -Desr'rrunt
528 2365 666 2429 admittere,
674 2369 746 2416 etiam
753 2367 866 2418 notram.
911 2365 945 2419 de
955 2363 1173 2437 quadrupedibus
1184 2367 1295 2420 sensisse
1307 2383 1368 2417 euru
1377 2367 1425 2418 ali-

353 2445 409 2499 Nos
417 2445 454 2497 ita
464 2441 632 2497 scribendum
640 2445 800 2510 censuimus,
809 2458 869 2498 tum
911 2459 953 2500 ter
966 2459 1090 2510 autumo,
1101 2463 1185 2516 quum
1197 2445 1268 2516 ipse,
1279 2445 1326 2497 lib.
1338 2446 1422 2511 vul,

353 2542 386 2578 ex
404 2525 468 2594 lieg.
486 2541 518 2588 1,
534 2540 563 2588 a;
579 2523 656 2577 Colb.
680 2543 712 2590 ι,
728 2543 762 2591 ιι
784 2522 868 2578 Paris.
912 2543 970 2596 esp.
981 2529 1030 2590 80,
1042 2524 1190 2595 scripserit,
1200 2524 1424 2595 simias,quain-

353 2603 444 2658 chiffl.
455 2602 565 2674 aliisque
574 2603 649 2656 MSS.
664 2616 720 2655 tum
733 2623 765 2657 es
777 2617 869 2658 mente
912 2618 953 2658 ter
967 2604 1034 2657 ieras
1048 2603 1121 2657 haud
1136 2602 1218 2656 dubie
1231 2617 1306 2667 sunt,
1323 2605 1424 2658 catulos

353 2684 498 2756 scriptoris.
507 2683 576 2736 Nam
584 2683 719 2749 ,solentes,
730 2693 760 2737 ut
767 2684 870 2737 babent
912 2702 973 2737 suos
983 2697 1129 2750 ostentare,
1142 2701 1209 2754 quos
1221 2681 1295 2736 domi
1307 2701 1423 2755 pepere-

353 2762 417 2816 libri
439 2763 520 2829 e'diti,
535 2762 634 2815 nullam
648 2763 728 2817 babet
741 2764 868 2835 probabi·
911 2764 975 2818 rint.
987 2765 1078 2817 Haeo.

353 2842 406 2896 lem
422 2841 691 2896 senteutiamllrnn.
952 2842 1424 2913 eqoadmpmmpmgmusuo·

394 2923 442 2976 6⁵.
467 2922 560 2974 Vicr'sse
576 2921 699 2994 Olympia.
715 2921 813 2974 Forma
826 2922 868 2974 lo·
911 2934 970 2974 tum
982 2936 1037 2984 est,
1058 2921 1132 2994 quod
1154 2921 1307 2974 Macrobius
1327 2922 1425 2988 refert,

354 2999 466 3072 quendi,
485 3000 571 3072 qualis
583 3001 629 3054 illa
644 3001 762 3066 Horatii,
776 3001 824 3053 lib.
840 3001 868 3066 1,
911 3001 1134 3065 Saturu.lib.11,
1148 3020 1206 3072 usp.
1227 3000 1329 3071 5,pag.
1347 3003 1400 3064 341
1415 3041 1425 3065 ,

353 3080 431 3152 epist.
450 3098 462 3133 r
479 3099 486 3132 ι
505 3080 621 3152 nMagnu
634 3081 758 3134 coronari
777 3093 869 3134 conte·
912 3081 978 3152 quid
989 3083 1101 3152 Populia
1116 3081 1157 3132 Μ.
1169 3081 1225 3134 lilia
1235 3079 1421 3151 responderit:

354 3172 426 3213 must
437 3159 562 3232 Olympia
574 3186 605 3224 ι,
624 3173 654 3212 ut
664 3159 764 3213 dicturi
776 3179 870 3214 sumus
916 3161 1039 3214 «miranti
1049 3159 1154 3214 cuidam
1162 3159 1227 3231 quid
1235 3172 1302 3214 esset
1311 3179 1425 3232 quapro-

353 3239 475 3304 uberiua,
499 3239 546 3291 lib.
566 3239 687 3304 XXXV,
711 3240 797 3310 capite
814 3245 868 3304 40,
912 3254 974 3313 pter
985 3241 1043 3294 elias
1053 3241 1142 3294 bestiae
1155 3245 1301 3311 numquam
1322 3259 1424 3293 marem

353 3337 427 3371 uum.
441 3317 488 3372 32.
499 3320 539 3371 De
549 3318 625 3389 equis
634 3318 805 3383 Thessalicis,
813 3318 868 3373 vid.
912 3319 1107 3385 desiderarent,
1125 3320 1178 3374 uisi
1190 3338 1273 3390 quum
1285 3337 1425 3390 praegnan-

353 3397 489 3463 Taetzem,
500 3397 616 3451 Chiliad.
628 3400 679 3459 IX.
691 3417 729 3454 vs.
741 3398 808 3453 865.
819 3399 854 3451 Η.
912 3411 951 3452 tes
963 3399 1024 3452 fieri
1037 3401 1152 3454 vellent:
1165 3425 1177 3446 ·
1192 3398 1239 3452 sed
1251 3398 1423 3470 pudetrefer·

396 3481 442 3530 66.
457 3477 570 3530 Etcr‘br's.
580 3478 632 3530 Vel
646 3479 723 3532 certis
742 3477 824 3542 cibis,
837 3489 869 3530 ut
911 3496 950 3531 re.
964 3478 1055 3532 Hiran.

354 3575 426 3627 carpe
439 3568 465 3608 et
477 3574 573 3610 eruca:
585 3557 634 3610 rel.
645 3558 742 3629 pabulo
757 3559 829 3610 bono
843 3570 869 3611 et
953 3577 998 3627 7⁰·
1013 3560 1109 3612 Proeter
1126 3579 1223 3630 equam,
1246 3571 1297 3611 etc.
1312 3558 1424 3610 Aristot.

355 3637 450 3700 ubere,
471 3648 502 3689 ut
520 3636 558 3688 ait
577 3637 742 3702 Aristoteles,
765 3637 867 3691 Hister.
911 3637 980 3690 nist.
995 3637 1087 3692 Anim.
1100 3639 1149 3691 lib.
1159 3639 1230 3701 vn,
1243 3655 1303 3708 cap.
1315 3638 1348 3703 5,
1364 3654 1425 3707 pag.

354 3715 502 3768 Animlib.
514 3715 568 3781 VI,
583 3733 642 3788 cap.
655 3735 707 3782 ao,
721 3718 866 3788 p.7ra.11.
913 3717 980 3772 823.
994 3718 1097 3790 Equam
1116 3731 1204 3771 tamen
1223 3719 1353 3787 Absyrtus
1370 3735 1426 3769 uon

395 3798 441 3862 67.
460 3795 487 3846 V
485 3798 521 3847 im
534 3815 614 3849 eruca.
632 3795 738 3849 Fabella
750 3815 823 3849 mera
836 3815 868 3850 ac
911 3798 1009 3870 excipit
1019 3798 1049 3850 iu
1058 3799 1181 3869 Geopon.
1201 3797 1325 3850 Affirmant
1338 3795 1426 3858 enim,

355 3875 483 3945 puerilis;
509 3873 543 3928 de
570 3893 622 3946 qua
646 3887 735 3928 tamen
761 3893 868 3930 necesse
912 3878 1079 3950 sipraegnans
1089 3879 1274 3945 sit,Venerem
1282 3894 1381 3931 arcere.
1389 3875 1425 3928 Η.

355 3952 419 4019 diei,
427 3967 454 4008 et
463 3953 576 4019 dicetur,
586 3955 634 4008 lib.
646 3956 723 4022 xlx,
735 3974 760 4008 c·
771 3962 818 4020 44.
833 3957 868 4008 Η.
953 3977 997 4028 7¹·
1013 3957 1064 4012 Sed
1080 3960 1239 4029 superfetant.
1256 3957 1366 4012 Causam
1376 3973 1427 4009 eur

397 4038 443 4090 68.
459 4036 517 4090 Non
530 4038 659 4106 συκάμινα.
671 4037 711 4090 De
723 4035 812 4089 arium
823 4054 869 4107 ge·
912 4038 1078 4109 superfetant
1086 4038 1221 4104 animalis,
1235 4055 1295 4110 quas
1303 4054 1427 4090 numero·

357 4131 420 4168 uere
432 4116 489 4168 solo
514 4113 542 4168 id
563 4115 722 4186 pronunciat
733 4156 741 4181 ,
754 4133 869 4187 quarum
913 4136 956 4172 soe
967 4118 1036 4172 fetus
1046 4118 1145 4185 edunt,
1163 4116 1426 4188 Albertusexpliuat,
