3200 5159
584 527 744 596 nrnnn
769 516 813 595 x.
1154 535 1227 625 289

162 681 331 726 ramomm
355 679 523 752 suspensa.
546 657 634 726 Picae
653 681 755 753 quum
767 655 956 753 diligentius
977 660 1085 731 visum
1106 664 1150 734 ab
1170 666 1228 736 lto

163 765 250 832 mine
275 761 389 832 nidum
417 787 566 849 sensere,
586 787 652 832 ova
673 779 887 859 transgerunt
911 763 986 835 alio.
1013 770 1088 838 Hoc
1113 769 1148 837 in
1173 761 1226 844 bis

161 869 302 957 avibus,
326 893 467 964 quarum
494 869 587 964 digiti
620 893 688 939 non
719 885 797 940 sunt
820 872 1061 942 accommodati
1086 876 1228 971 comple

160 975 286 1044 ctendis
304 973 604 1070 transferendisque
617 977 706 1059 ovis,
724 978 810 1046 miro
832 977 974 1046 traditur
991 980 1104 1050 modo·
1126 985 1227 1052 Nam·

160 1105 224 1174 que
244 1080 377 1152 surculo
392 1105 491 1177 super
512 1081 589 1150 bina
603 1107 667 1150 ova
677 1083 833 1177 imposito
852 1107 892 1154 ac
907 1074 1143 1156 ferruminato⁸
1160 1087 1225 1158 alvi

160 1186 304 1281 glutino,
323 1188 454 1258 subdita
473 1189 602 1258 cervice
622 1188 859 1284 medio,'aequa
881 1191 1048 1285 utrimque
1070 1190 1153 1262 libra
1173 1195 1226 1265 dc·

159 1307 294 1387 portant
311 1291 385 1362 alio.

213 1400 271 1474 LI.
301 1401 372 1470 Nec
399 1398 496 1468 vero¹
520 1400 558 1471 iis
584 1405 694 1470 minor
720 1400 873 1487 solertia,
900 1425 974 1496 qua
1000 1404 1165 1475 cunabula
1190 1411 1257 1477 int

158 1519 246 1574 terra
262 1505 403 1589 faciunt,
417 1508 565 1601 corporis
580 1508 739 1602 gravitate
756 1507 932 1602 prohibite
944 1505 1083 1578 sublime
1101 1527 1224 1606 petere.

158 1611 314 1706 Merops²
345 1627 503 1699 vocatur,
535 1614 699 1708 genitores
731 1599 828 1684 suos³
853 1613 1042 1684 reconditos
1069 1641 1223 1710 pascens,

156 1761 235 1814 eiures
253 1754 299 1813 tto
313 1761 424 1821 νιοττοὺς
438 1761 500 1816 ·,οὒκ
519 1759 668 1816 irradiaret
751 1760 796 1812 LI.
815 1779 840 1814 r.
851 1761 904 1816 Nec
919 1779 986 1814 uero.
1000 1759 1110 1816 Aristot.
1124 1763 1223 1822 Histor.

155 1835 200 1905 dl,
213 1839 267 1892 atr
290 1839 313 1890 lv
332 1834 439 1912 dippeus
457 1843 554 1908 λαγωοῦ
571 1839 587 1896 ἢ
602 1839 667 1892 dasi-
711 1837 804 1894 Anim.
821 1839 867 1892 lib.
881 1841 935 1898 vl,
951 1858 1009 1911 cap.
1028 1860 1092 1913 r,p.
1109 1846 1177 1916 639.
1188 1847 1222 1900 Η.

155 1939 230 1980 usas:
254 1920 411 1989 ἑγκρὺψασα,
430 1929 480 1972 ete.
501 1918 563 1983 Quo
581 1919 666 1989 respi-
751 1939 776 1971 α.
790 1919 896 1989 Merops.
914 1919 993 1972 Arist.
1006 1938 1067 1992 pag.
1083 1925 1147 1986 640.
1165 1919 1222 1987 De.

155 1999 227 2051 ciens
237 1998 360 2052 Albertus
372 1999 411 2051 Μ.
424 1998 471 2050 lib.
483 1997 593 2064 XXIII,
603 2017 666 2072 pag.
709 1997 836 2051 scribitur
849 1998 907 2051 haec
921 1999 977 2051 aris
988 2017 1005 2051 a
1018 2001 1154 2067 bellonio,
1171 2005 1219 2061 lib.

155 2076 227 2142 613,
251 2075 351 2131 otidem
372 2077 460 2142 hane,
485 2077 663 2148 aquilonarem
707 2077 800 2143 IV,c.
818 2081 911 2148 27.1n
926 2079 1004 2132 Creta
1022 2079 1146 2151 frequens
1160 2097 1218 2140 est:

154 2157 269 2228 aquilam
282 2155 603 2229 interpretatnrtuQuod
616 2177 665 2211 aa·
706 2175 767 2209 rara
789 2157 818 2210 in
840 2158 915 2211 Italia
933 2175 941 2210 ε
962 2157 990 2209 in
1012 2157 1106 2212 Galliis
1123 2161 1218 2220 nulla:

155 2250 207 2290 tem
222 2235 325 2289 Plinius
334 2235 414 2302 dicit,
425 2235 512 2308 inquit
522 2235 664 2308 ille,aqui·
706 2255 788 2307 quare
808 2249 835 2290 et
852 2236 997 2291 vernaculo
1013 2251 1086 2292 caret
1098 2242 1217 2298 nomine.

153 2316 206 2369 lsrn
216 2317 395 2388 aquilonarem
405 2315 433 2369 in
443 2316 662 2388 vulpispelleova
705 2315 796 2370 Hsan.
814 2348 854 2360 -
868 2317 976 2386 Merops.
993 2316 1088 2371 Noster
1102 2325 1216 2391 Μυῖαν,

153 2395 307 2462 involvere,
320 2409 346 2450 et
360 2396 399 2449 sic
413 2397 463 2448 sub
478 2395 532 2448 sole
542 2394 571 2448 in
582 2397 662 2450 ramis
704 2395 784 2450 Lina.
812 2417 903 2467 europs
927 2399 1040 2466 αρίωειν.
1061 2399 1133 2452 Bene
1160 2401 1215 2455 Pli-

152 2473 278 2528 arbornm
291 2472 660 2548 suspendere,donecmatn·
703 2475 763 2528 nius
783 2474 855 2529 bunc
874 2475 911 2530 sit
930 2475 1068 2530 nidificare
1086 2477 1114 2530 in
1134 2497 1214 2550 specu

151 2567 207 2608 rata
220 2555 281 2609 solis
294 2555 383 2609 calore
397 2568 505 2619 exeant,
521 2567 547 2607 et
560 2571 614 2607 non
630 2573 660 2610 ea
703 2571 746 2606 sex
759 2553 858 2625 pedum
873 2553 1043 2626 longitudine
1056 2573 1137 2627 quem
1157 2560 1214 2631 ipse

151 2634 371 2708 lovereaquilam,
381 2632 611 2706 sedquumcalore
619 2653 660 2687 so-
701 2633 729 2685 in
745 2635 829 2686 amnis
839 2635 898 2705 ripa
908 2635 999 2687 secuit
1011 2635 1081 2689 Pulli
1090 2634 1137 2690 diu
1151 2658 1213 2693 cnm

150 2713 182 2766 lis
197 2727 224 2768 et
245 2716 322 2786 pellis
340 2714 407 2786 pulli
427 2715 552 2780 exierint,
571 2711 605 2766 ad
627 2731 658 2768 ea
700 2714 864 2784 genitoribus
879 2727 997 2776 manent,
1009 2729 1149 2786 postquam
1164 2738 1212 2773 vo.

150 2806 213 2846 tunc
228 2787 346 2865 primum
356 2793 456 2858 redire,
467 2796 522 2864 jam
532 2805 659 2864 expertus
700 2792 755 2844 lare
777 2805 893 2858 nortmt,
912 2806 939 2847 et
963 2794 1055 2846 cibum
1083 2813 1211 2866 quarere,
1244 2804 1246 2807 '

149 2892 208 2926 snm
224 2873 456 2927 esselalsissimum
474 2873 619 2942 :quoniam
631 2873 659 2924 in
700 2870 780 2924 Unde
798 2870 863 2925 dicti
876 2885 938 2926 sunt
953 2873 1086 2944 genitores
1097 2878 1209 2932 nutrire.

148 2953 277 3018 Livonia,
305 2966 354 3007 etc.
373 2977 384 2999 ι
410 2953 566 3022 Aquilarum
588 2963 659 3004 certe
702 2951 820 3005 Curras.

149 3032 451 3103 moreseil’bilosophus
459 3033 514 3103 ipse
524 3031 656 3095 attribuit,
696 3023 699 3034 ¹
742 3031 767 3084 3.
790 3029 918 3086 Genitores
936 3052 991 3084 suos
1008 3035 1141 3088 reconditos
1161 3056 1210 3108 pa·

148 3111 177 3164 in
191 3111 371 3166 custodiendis
382 3111 454 3176 ovis,
469 3111 611 3184 pullisque.
623 3111 656 3163 ll.
700 3129 766 3162 scetes
775 3151 782 3174 ,
790 3112 886 3181 pallido
895 3115 958 3163 intus
969 3113 1048 3164 colore
1056 3134 1206 3184 panarum,

149 3216 189 3226 -
202 3193 234 3244 Iu
252 3191 348 3264 Scythis
360 3194 426 3257 avis,
448 3204 498 3244 ete.
524 3190 569 3243 Nil
591 3191 657 3242 mihi
700 3209 798 3259 superne
826 3206 931 3252 veneo,
955 3195 1057 3261 primori
1083 3195 1208 3251 subrutilo.

148 3271 267 3342 suppetit
287 3290 340 3342 quo
360 3288 417 3324 rem
441 3269 584 3342 explicem,
603 3271 657 3340 jam
700 3267 785 3324 Habet
797 3270 856 3323 hec
867 3269 978 3324 totidem
989 3272 1078 3324 verbis
1088 3274 1209 3330 Philoso-

148 3349 260 3404 Aristot.
270 3351 316 3404 lib.
329 3353 383 3417 lx,
394 3370 417 3404 c.
427 3351 474 3414 33,
484 3351 621 3422 prolatam.
630 3349 657 3403 Si
699 3348 782 3420 phas,
796 3349 864 3402 Hist.
875 3350 923 3402 lib.
934 3350 993 3415 lx,
1008 3369 1066 3423 cap.
1085 3372 1132 3420 ao,
1148 3367 1209 3427 pag'.

147 3429 250 3484 sabellis
263 3448 316 3484 non
332 3429 538 3502 appendendum
560 3447 624 3500 quas
641 3447 656 3482 e
704 3431 786 3492 1046.
799 3428 854 3481 Ubi
864 3441 890 3482 et
900 3429 1013 3482 formam
1025 3431 1080 3484 svis
1090 3434 1210 3490 similiter

148 3509 257 3582 Scythia
276 3528 400 3564 convente
416 3511 551 3568 serebant,
569 3506 656 3561 credi·
700 3506 843 3562 describit:
855 3498 989 3562 itttttte
1001 3515 1044 3562 τοῦ
1058 3512 1145 3581 ὄρνιθος
1159 3522 1208 3569 τῶν

147 3587 234 3643 derim
252 3587 281 3641 id
297 3591 346 3643 ani
363 3588 504 3664 individuo
521 3588 656 3661 peculiare
699 3593 794 3657 eripiar
807 3590 877 3651 lert,
888 3587 923 3640 τὰ
933 3589 1209 3665 &stetissemu-

91 3709 96 3719 .
145 3669 285 3740 ingenus,
300 3683 345 3723 aut
366 3670 480 3741 speciem
501 3667 656 3722 translatum
700 3665 733 3718 τὰ
753 3663 780 3720 δ’
800 3667 903 3734 ledae,
918 3669 1001 3739 ὅσπερ
1021 3673 1064 3731 τῆς
1083 3671 1210 3739 ἀλκυόνος,

146 3761 247 3804 temere
259 3749 413 3818 fuisse,uon
428 3751 483 3802 sine
499 3759 655 3802 ornamento
700 3747 815 3800 κυάνεον·
831 3746 864 3799 τὰ
874 3743 901 3800 δ’
912 3750 954 3801 ἐπ’
963 3749 1046 3818 ’ἄκρων
1058 3755 1106 3803 τῶν
1119 3773 1210 3825 respu-

145 3829 395 3901 etamplilicatione.
412 3829 531 3883 covus.
699 3827 774 3898 γῖων,
796 3827 888 3898 lputpai.
918 3853 930 3875 ι
943 3826 1026 3893 Quod
1044 3826 1078 3881 ad
1098 3831 1208 3885 formam

186 3910 213 3962 8.
221 3909 432 3976 Aeser-ruminata.
443 3909 657 3978 Nonagnoscunt
701 3907 756 3960 avis
769 3907 878 3972 attinet,
893 3925 988 3979 penm
1002 3907 1142 3962 inferiores
1152 3913 1210 3982 pal·
1301 3955 1309 3981 ,

143 3986 192 4039 bas
206 4005 284 4040 voces
291 3988 474 4060 probatissima
485 3985 656 4059 exemplaria,
700 3985 777 4051 lidae,
795 3987 947 4058 superiores
956 3987 1091 4051 ceruleas,
1109 4001 1139 4041 ut
1154 3990 1211 4043 bal·

142 4067 209 4137 Reg.
228 4085 253 4131 r,
269 4088 300 4135 a,
313 4087 363 4122 nec
380 4087 440 4140 quta
457 4067 600 4122 Rhenanus
615 4065 655 4120 vi·
700 4067 780 4138 cycni
796 4085 803 4118 :
817 4067 919 4120 alarum
936 4079 1069 4132 extrema,
1084 4069 1176 4123 rubes.
1196 4095 1208 4117 .

141 4142 190 4198 dit.
207 4146 297 4202 Hsan.
701 4145 754 4210 Qui
787 4145 869 4215 igitur
896 4145 1066 4216 Dalecampio
1088 4148 1160 4203 venit
1183 4151 1212 4203 iu

196 4247 259 4312 IV.
626 4333 627 4343 ἵ
1036 4267 1081 4338 ¹9
