3200 5159
371 485 442 562 256
642 491 680 558 C.
708 487 1008 560 PL1N11NIT.
1035 489 1162 557 IIIST.

371 625 439 694 rint
457 621 679 691 continentem
691 672 701 706 ,
715 634 749 690 et
762 645 781 690 e
796 635 930 716 gutture
951 641 1097 690 arenam.
1114 616 1289 690 Comelins
1303 621 1434 717 Nepos,

371 730 428 823 qui
446 729 525 796 Divi
536 727 675 821 Augusti
689 728 878 822 principatu
896 727 998 811 obiit,
1017 750 1120 820 quum
1137 727 1296 796 scriberet
1317 729 1433 797 turdos

371 832 470 929 paulo
492 847 568 901 ante
589 845 716 926 creptos
731 835 894 930 saginari,
913 833 1060 920 addidit,
1077 833 1221 902 ciconias
1239 834 1344 928 magis
1357 833 1432 928 pla·

371 963 446 1010 cere
456 963 556 1034 quam
565 961 663 1032 grues
678 963 685 1006 :
701 938 885 1033 quumhrcc
896 963 985 1009 nunc
999 935 1066 1009 ales
1075 937 1098 962 ¹¹
1109 940 1196 1008 inter
1204 940 1329 1034 primas
1339 964 1433 1032 expe·

371 1060 477 1131 tatur,
498 1041 586 1113 illam
609 1068 707 1112 nemo
728 1044 807 1113 velit
827 1046 982 1140 attigisse.

339 1184 351 1218 ι
422 1153 551 1221 XXXI.
572 1151 715 1220 Ciconiae
739 1175 884 1245 quonam
911 1176 931 1220 e
954 1149 1029 1221 loco
1054 1150 1209 1235 veniant,
1229 1163 1287 1218 aut
1307 1173 1375 1244 qno
1397 1175 1433 1220 se

369 1336 424 1379 mat
445 1343 452 1376 t
474 1336 500 1377 et
519 1341 616 1394 negare
635 1341 712 1394 grues
731 1341 781 1394 pro
796 1321 878 1377 libra·
963 1341 1008 1376 ιι.
1021 1323 1101 1393 Quum
1109 1323 1160 1374 liae
1172 1341 1234 1374 aare
1245 1323 1303 1376 ales.
1314 1323 1354 1376 De
1367 1341 1433 1394 grue

368 1417 456 1457 mento
477 1403 581 1474 lapillos
600 1402 717 1466 auferre,
737 1421 821 1474 quum
842 1402 879 1456 ita
920 1401 1055 1474 loquitur,
1081 1421 1137 1454 uon
1164 1400 1198 1454 de
1222 1402 1332 1456 ciconia.
1359 1403 1434 1459 [ner
1481 1450 1484 1456 .

318 1511 323 1519 ·
369 1483 554 1549 scribat,llist.
566 1482 654 1534 Anim.
667 1481 712 1534 lib.
721 1483 790 1534 VIII
799 1521 807 1548 ,
817 1501 877 1552 cap.
920 1480 1449 1552 mensarumdeliciss,gruesldelicas,ex·

373 1564 628 1634 15,pag.917:'r'o
641 1557 671 1614 dl
683 1562 737 1632 περὶ
749 1567 791 1614 τοῦ
802 1563 879 1627 λίθω,
921 1561 1006 1614 insula
1041 1561 1114 1614 Melo
1143 1559 1279 1630 advectas,
1308 1573 1432 1614 numerat

369 1638 456 1710 ψεῦδός
471 1645 538 1694 ἐστι·
563 1643 663 1710 λέγεται
676 1640 723 1711 γὰρ
737 1643 769 1700 ὣς
784 1643 878 1709 Ignosce
921 1641 1040 1706 Gellius,
1058 1641 1107 1693 lib.
1125 1640 1196 1704 VII,
1218 1659 1275 1712 cap.
1296 1645 1340 1694 16.
1356 1640 1434 1694 adde

368 1723 431 1794 {ppo
446 1721 507 1773 λίθον
519 1760 527 1786 ,
541 1721 566 1782 ὃς
577 1721 671 1791 gissi-si
683 1719 801 1791 χρήσιμος
820 1722 879 1791 πρὸς
921 1718 1076 1786 Horatium,
1096 1719 1144 1773 lib.
1163 1720 1204 1782 11,
1221 1720 1300 1774 satira
1319 1719 1433 1774 ultima:

370 1803 416 1862 τὰς
422 1805 556 1870 τοῦχρυσοῦ
564 1800 696 1866 βασάνους,
704 1800 762 1852 ὅταν
775 1802 878 1867 ἐκπέσῃ.
926 1824 938 1847 ι
949 1801 1109 1852 mazonomo
1122 1799 1201 1871 pueri
1221 1817 1320 1871 magno
1335 1797 1434 1852 discer-

371 1879 423 1934 Sed
445 1876 585 1933 dissidium
609 1877 682 1949 quod
699 1897 753 1932 non
780 1878 881 1932 inuenit
922 1892 967 1949 pta
978 1879 1089 1932 serentes
1099 1878 1220 1931 Membra
1227 1880 1308 1950 gruis.
1321 1904 1332 1924 ·
1349 1879 1434 1930 ll.-

369 1959 495 2031 Scaliger,
505 1958 561 2030 ipse
572 1958 643 2023 lecit,
651 1975 735 2028 quum
747 1976 831 2028 graecu
843 1958 882 2010 sic
925 1960 1006 2027 erom
1017 1958 1068 2009 lraee
1080 1977 1143 2010 rore
1157 1959 1207 2010 ales
1223 1961 1383 2028 interprimus
1392 1979 1435 2010 ee-

368 2039 520 2092 traustulit:
537 2062 548 2084 ι
560 2036 694 2108 Delapide
704 2035 777 2109 quod
786 2037 883 2105 aiunt,
920 2049 1031 2107 placor,
1044 2048 1097 2094 etc.
1116 2036 1305 2108 Sempronium
1322 2037 1435 2090 liulfum

368 2119 462 2171 falsum
476 2129 516 2170 cst
528 2133 589 2168 eum
602 2133 645 2169 eas
656 2135 706 2187 pro
720 2116 880 2170 libramento
923 2117 1020 2170 mensis
1030 2116 1147 2188 primum
1160 2117 1289 2170 ciconiam
1307 2116 1435 2170 invexisse

367 2198 489 2261 hahere;
519 2203 626 2266 esseque
652 2195 745 2248 utilem
763 2192 798 2248 ad
823 2197 883 2249 anri
924 2195 1053 2262 tradunt,
1071 2213 1102 2248 ac
1125 2194 1159 2249 de
1181 2197 1228 2249 illo
1251 2196 1363 2268 scriptos
1384 2196 1434 2249 lios

330 2275 332 2278 ’
369 2275 620 2344 indicium‚'qunm
633 2272 770 2328 deciderit.
787 2273 882 2327 slted·
924 2287 1059 2329 scazontes
1073 2274 1261 2347 ncnillepidos
1274 2293 1352 2329 saue:
1366 2275 1434 2328 .Ci-
1489 2297 1492 2300 ⁴

369 2351 882 2424 dercenimiuhnncmodumoportuit:
924 2355 1062 2408 couiarnm
1092 2355 1187 2407 Rullus
1217 2355 1265 2406 iste
1290 2353 1434 2418 eonditor,

373 2431 615 2504 ·Delapidoquod
623 2432 811 2494 aiuntstatsum
821 2445 882 2486 est:
925 2435 1085 2505 Quanquam
1106 2447 1146 2488 est
1164 2432 1272 2487 duobus
1290 2434 1435 2505 elegantior

372 2513 460 2566 lerunt
475 2512 545 2565 enim
561 2512 658 2566 hebere
679 2530 723 2566 eas
735 2531 786 2584 pro
803 2513 884 2566 libra·
925 2514 1042 2577 l’lancis,
1055 2512 1252 2584 suffragiorum
1264 2526 1364 2584 puncta
1377 2532 1433 2566 nou

371 2605 461 2646 mento
479 2591 599 2662 lapillum
617 2609 623 2644 :
638 2591 685 2663 qui
705 2592 779 2646 utilis
798 2593 832 2644 sit
850 2590 884 2644 ad
925 2593 986 2646 tulit
1002 2604 1112 2663 septem.
1130 2593 1300 2646 Ciconiarum
1315 2593 1431 2663 populus

372 2671 431 2725 nuri
440 2669 664 2742 indicium‚quum
676 2669 830 2738 desiderius
845 2672 884 2724 Ut
926 2672 996 2724 ultus
1003 2685 1042 2725 est
1052 2683 1172 2725 mortem.
1183 2698 1195 2720 ι
1207 2671 1346 2725 Horatius:
1360 2696 1371 2718 ι
1379 2672 1436 2724 Tu·

253 2761 258 2778 ⁸
372 2749 427 2803 duo
437 2750 553 2820 attigisse
562 2749 737 2820 Philosophus
745 2749 882 2804 videatur:
925 2764 967 2804 tus
979 2765 1036 2804 erat
1046 2751 1191 2817 rhombus,
1204 2763 1315 2823 tutoque
1333 2751 1435 2804 ciconia

372 2843 398 2883 et
416 2849 465 2901 pro
487 2829 644 2882 libramento
664 2828 763 2882 scilicet
779 2830 884 2902 lapillos
924 2829 1007 2895 nido,
1039 2831 1131 2884 Donec
1154 2849 1201 2884 vos
1226 2844 1318 2884 auctor
1342 2829 1436 2883 docuit

374 2908 487 2971 assumi,
505 2921 532 2962 et
545 2909 586 2960 his
594 2925 649 2962 esse
662 2907 716 2962 rim
730 2926 762 2961 ex
774 2927 806 2962 eo
826 2909 884 2962 auri
925 2910 1075 2980 pretorius.
1089 2935 1101 2958 ι
1116 2910 1253 2964 Ciconiatn
1269 2910 1374 2964 Petrou.
1383 2911 1435 2963 Ar·

372 2986 520 3060 probandi,
533 3005 617 3060 quum
635 2985 782 3041 deciderint
797 3005 804 3040 τ
817 3007 885 3060 quo·
925 2988 1437 3060 biterhisepithednueologismosemi·
1496 3050 1499 3057 ¹

374 3087 435 3121 rum
451 3065 485 3120 de
499 3067 581 3120 altero
597 3067 663 3120 nihil
682 3079 802 3132 moveat,
822 3067 885 3139 quia
925 3069 1038 3122 barbaro
1058 3082 1165 3140 captans
1181 3068 1268 3134 risus,
1290 3069 1434 3122 honestat:

374 3147 541 3218 exploratum
556 3145 585 3199 id
600 3145 763 3218 experientia
776 3147 829 3200 sit:
845 3147 883 3200 al·
930 3173 941 3195 ι
957 3148 1068 3202 Ciconia
1082 3149 1161 3202 etiam
1175 3160 1248 3218 grata
1261 3147 1434 3220 peregriulio·

374 3238 461 3283 terum
476 3237 579 3280 tantum
595 3225 688 3279 salsum
703 3245 757 3280 csse
767 3244 886 3297 pronun·
926 3227 1008 3299 spite,
1043 3227 1249 3285 Pietaticnltrix,
1281 3229 1434 3299 gracilipes,

375 3306 442 3372 ciet,
455 3305 517 3377 quia
529 3307 716 3378 inexpertum:
733 3323 884 3377 quanquam
925 3307 1081 3362 corallistris
1097 3332 1109 3354 ι
1134 3303 1247 3378 (nempe
1267 3325 1283 3360 ι
1308 3307 1387 3360 rostri
1407 3319 1435 3361 st

374 3383 402 3438 id
436 3385 555 3438 AElianus
590 3397 733 3448 asseverat,
761 3385 885 3439 Historiis
925 3385 1025 3457 pedum
1035 3383 1436 3454 colore,similirorallo).«Avis

374 3464 535 3518 Animalinm
564 3465 691 3528 tib.'111,
723 3465 809 3535 capite
839 3464 883 3519 13.
927 3467 1003 3520 exsul
1015 3467 1124 3532 hiemis,
1137 3467 1228 3520 titulus
1239 3463 1321 3536 tepidi
1332 3477 1435 3536 tempo·

282 3567 283 3572 ¹
375 3543 502 3598 Solinus:
519 3543 636 3608 «Quum
653 3556 746 3598 contra
765 3543 884 3598 medium
926 3545 971 3599 ris.
982 3571 994 3593 ι
1009 3544 1080 3599 Vide
1089 3545 1171 3601 Hadr.
1179 3547 1243 3599 lun.
1252 3546 1307 3610 VI,
1320 3545 1435 3598 xtran.

374 3623 478 3676 alveum
493 3621 643 3678 adventasse
658 3625 794 3690 seiciunt,
811 3641 884 3677 scru-
927 3627 992 3680 Dns'.
1003 3644 1081 3697 super
1096 3624 1252 3690 Arbitrum,
1269 3625 1316 3676 lib.
1332 3624 1362 3689 1,
1375 3643 1436 3696 cap.

375 3703 500 3774 polorum
511 3703 613 3757 sarcina
623 3701 702 3774 pedes
710 3704 837 3757 liberant:
847 3704 884 3758 ita
931 3723 975 3776 ¹7·
998 3704 1118 3759 Cicouias
1133 3705 1163 3757 in
1182 3704 1305 3775 auspiciis
1324 3722 1436 3757 concor·

375 3795 462 3835 nauta
476 3780 663 3853 prodiderunt,
676 3783 805 3853 compluti
816 3802 884 3852 sepe
927 3783 998 3861 diam
1005 3783 1285 3855 polliceri,gruesrero
1291 3795 1437 3836 retrorsum

376 3880 407 3916 ex
418 3861 465 3914 illo
479 3881 540 3916 casu
555 3863 640 3916 imbre
658 3864 765 3918 saxatili.
785 3865 885 3916 Annas
928 3883 944 3916 a
964 3877 1036 3916 recto
1059 3881 1139 3916 cursu
1159 3862 1327 3917 deflectentes
1346 3880 1437 3916 acre·

376 3961 430 3993 nou
443 3943 516 4012 prins
529 3954 684 4007 revomunt,
695 3961 775 4014 quam
784 3961 884 3996 secnrae
927 3955 1055 4008 meantes,
1066 3943 1193 4014 procellas
1202 3961 1232 3996 ac
1243 3941 1363 3995 infandas
1373 3953 1438 3994 tern-

376 4019 445 4074 sedis
453 4039 506 4074 suu
512 4022 617 4074 suerint.
628 4048 639 4070 ι
651 4023 756 4076 Rectius
767 4020 884 4088 dixisset,
927 4034 1052 4092 pestates,
1072 4023 1237 4076 notat-Alex.
1252 4023 1286 4076 ab
1299 4022 1373 4075 Alex.
1387 4021 1434 4074 lila

377 4118 454 4169 quarn
468 4100 646 4156 continentem
663 4101 805 4172 attigerint.
822 4103 855 4155 II.
927 4102 1012 4166 XIII,
1023 4120 1081 4173 cap.
1095 4101 1120 4156 5.
1135 4103 1237 4154 Dauus.
