3200 5159
588 508 749 614 ornan
776 545 842 613 ιιι
1174 542 1249 641 457

183 691 300 763 terrae,
315 678 349 746 in
363 676 498 769 regione
519 675 838 769 septemtrionalium
856 674 1032 762 Indorum,
1054 676 1112 769 qui
1134 677 1255 747 Dardae

186 798 360 853 vocantur
384 782 468 875 Ipsis
490 779 583 851 color
603 780 732 865 felium,
755 766 986 877 magnitudo¹⁶
1005 782 1137 875 AEgypti
1160 780 1254 877 lupo·

181 906 273 957 rum.
286 892 427 957 Erutum
446 886 543 956 hoc¹⁷
563 888 640 957 ab''
621 914 659 957 ns
674 903 826 984 ternpore
838 888 998 972 hiberno,
1012 887 1087 956 lndi
1102 888 1256 957 furantur

186 998 302 1064 aestivo
317 994 466 1079 fervore,
483 992 623 1063 conditis
635 1010 774 1090 propter
789 1018 948 1089 vaporem
964 995 998 1061 in
1010 992 1180 1064 cuniculos
1193 994 1256 1063 sor·

175 1102 298 1169 micis:
318 1124 391 1194 quoe
410 1114 522 1169 tamen
541 1100 643 1183 odore
661 1100 843 1171 sollicitatae
862 1098 1056 1195 provolant,
1072 1100 1256 1194 crebroque

185 1204 352 1289 lacerant,
371 1208 523 1301 quamvis
542 1204 779 1301 praevelocibus
804 1206 937 1288 camelis
957 1205 1128 1300 fugientes.
1149 1210 1256 1276 Tanta

185 1300 361 1407 pernicitas
380 1312 557 1406 feritasque
578 1327 628 1383 est
647 1338 724 1383 cunr
741 1337 856 1384 amore
873 1313 955 1382 auri.

237 1421 416 1487 XXXVII.
434 1409 584 1511 (xxxii.)
607 1419 715 1489 Multa
731 1418 862 1488 autem¹
883 1420 1009 1488 insecta
1025 1432 1059 1487 et
1077 1416 1172 1488 aliter
1194 1444 1254 1489 na·
1273 1458 1286 1492 ι

185 1539 334 1609 scuntur,
359 1538 457 1618 atque
476 1525 511 1592 in
532 1526 646 1619 primis
669 1551 710 1596 ex
730 1549 816 1595 rore
842 1524 970 1594 Insidet
995 1521 1069 1593 hic²
1091 1511 1253 1661 raphani³

185 1630 268 1700 folio
283 1631 393 1725 primo
411 1654 508 1717 vere,
527 1645 560 1700 et
577 1633 733 1762 spissatus
747 1631 834 1700 sole
824 1657 858 1700 ιιι
877 1618 1156 1726 magnitudinem⁴
1172 1629 1253 1699 milii

185 1738 323 1866 cogitur.
350 1736 433 1807 Inde
457 1738 639 1832 porrigitur
652 1722 892 1807 ⁵vermiculus
919 1762 1062 1832 parvus,
1086 1751 1120 1805 et
1142 1738 1254 1807 triduo

184 1828 335 1913 eruca⁶t
327 1868 436 1937 quae
454 1842 590 1937 adjectis
608 1843 725 1913 diebus
746 1846 929 1932 accrescit,
952 1841 1147 1972 immobilis,
1167 1842 1253 1912 duro

185 1948 351 2020 cortice⁷=
376 1947 418 2018 ad
440 1963 563 2019 tactum
586 1964 714 2019 tanturn
734 1964 911 2039 movetur,
933 1935 1075 2019 arane0⁸
1098 1946 1252 2037 acereta,

185 2214 299 2269 multum
313 2216 346 2267 ab
366 2212 409 2267 bis
428 2212 530 2267 labellis
548 2233 628 2267 canem
644 2234 697 2267 oon·
742 2212 870 2287 epelpine,
883 2212 970 2285 inquit
985 2209 1177 2284 Philosophus,
1189 2214 1250 2268 loco

182 2295 331 2349 sacume.
341 2295 505 2365 rulgaeorsae.
516 2294 572 2346 Nec
581 2292 696 2347 absurde
739 2296 788 2348 cit.
806 2293 857 2348 Sed
869 2313 924 2346 non
942 2294 1055 2347 brassica
1067 2295 1154 2347 solum
1166 2294 1251 2365 gignit

183 2392 274 2445 speres
287 2375 345 2427 t’ore
356 2386 395 2439 ut,
407 2393 492 2445 quum
499 2372 585 2427 Indici
593 2387 696 2428 montes
739 2393 839 2439 erucas,
848 2392 941 2426 serum
950 2386 976 2426 et
986 2392 1091 2444 pomus,
1102 2387 1128 2426 et
1137 2393 1250 2446 prunus,

183 2455 348 2508 innotuerint
359 2456 412 2522 jam
423 2455 502 2518 satis,
514 2454 623 2507 meliora
637 2467 694 2507 tsn-
739 2466 765 2506 et
775 2471 898 2525 quercus.
918 2454 954 2504 At
966 2472 1053 2524 neque
1072 2453 1148 2517 vitis,
1163 2474 1250 2524 neque

185 2532 247 2586 deru
261 2534 449 2587 renuntientur
461 2533 694 2604 atqueexactiora.
738 2534 802 2585 salix
819 2533 912 2603 gignit.
926 2530 962 2581 II.
983 2531 1183 2584 —Historiam
1201 2532 1249 2585 de-

185 2615 301 2667 Curru.
736 2611 879 2685 prebendis
916 2611 977 2664 satis
1002 2624 1091 2664 exacte
1133 2610 1250 2665 delinea-

227 2697 269 2747 16.
283 2691 438 2761 Magnitudo.
454 2693 513 2744 Νοιι
527 2694 603 2743 minus
616 2695 692 2744 moui·
736 2702 789 2745 tam
797 2692 927 2762 papilionis
936 2690 1057 2755 brassica,
1069 2691 1112 2742 rel
1119 2692 1249 2761 pupilensis

184 2792 235 2832 mas
247 2773 343 2825 mnr‘bus
358 2772 393 2825 ait
405 2790 460 2825 esse
472 2770 541 2823 Mela
555 2770 606 2823 loc.
621 2770 691 2824 citat.
736 2772 840 2843 raphani
848 2771 927 2823 Lino.
937 2769 1009 2842 vulg.
1016 2768 1127 2841 popilien
1137 2772 1167 2822 de
1178 2772 1246 2825 chors.

185 2852 279 2905 Strabo
281 2851 426 2922 vulpibus
437 2848 507 2904 haud
515 2850 641 2903 minores
651 2851 691 2903 Ex
737 2851 797 2905 cuv
782 2869 858 2904 ι.ιιιιι

184 2930 321 2986 Herodoto
339 2944 450 3002 uterque
464 2928 570 2991 hausit,
585 2928 691 2994 Thalia,
778 2938 805 2995 4.
820 2931 851 2981 In
862 2928 1058 2999 magnitudinem
1066 2928 1143 2981 Miluo
1155 2948 1245 2982 mino

183 3010 231 3063 lib.
251 3012 301 3077 111,
317 3030 376 3082 pag
396 3012 459 3064 aod.
478 3010 580 3063 Caetero
593 3011 693 3079 species
735 3028 808 3075 rem,
822 3012 924 3061 ἶλαττιν
942 3012 1058 3079 κέγχρου,
1066 3009 1248 3080 Philosophus

185 3109 304 3161 corporis
312 3090 428 3143 formicis
437 3089 597 3144 nostratibus
609 3089 692 3142 srnnl
736 3090 786 3154 ait,
798 3091 850 3142 loc.
866 3089 910 3142 cit.
925 3089 1017 3141 Hanb.

183 3168 246 3225 lima
262 3183 307 3223 est.
321 3171 412 3223 niso.
777 3168 802 3223 5.
814 3169 876 3220 Inde
883 3171 1025 3239 porrigitur.
1034 3166 1076 3219 Fit
1087 3167 1245 3239 oblongior:

227 3268 271 3320 17.
280 3250 384 3309 Enetum
391 3250 442 3304 hoc.
453 3248 521 3314 Quae
532 3246 610 3300 deire
622 3245 692 3299 dein·
735 3262 766 3301 ut
778 3246 813 3301 de
826 3249 1000 3301 formicarum
1014 3246 1071 3299 oris
1083 3244 1151 3300 dixit
1167 3250 1246 3302 Arist.

183 3346 245 3400 ceps
259 3342 408 3393 narrantur,
423 3338 525 3381 exstant
537 3345 567 3379 ea
582 3324 691 3379 totidem
734 3328 781 3381 lib.
793 3328 829 3394 V,
841 3347 898 3399 cap.
916 3346 959 3391 ao,
968 3345 1026 3398 pag.
1039 3331 1093 3395 619
1103 3347 1111 3382 ι
1121 3330 1244 3399 inpropriis

184 3408 240 3472 sere
253 3408 340 3460 uerbis
353 3406 423 3479 apud
435 3405 537 3460 Herod.
553 3406 603 3459 loc.
618 3407 690 3461 citat.
735 3407 776 3460 καὶ
792 3408 928 3478 §ponitur
943 3405 1025 3477 μακρὰ
1035 3406 1153 3475 γίνονται.
1169 3405 1203 3457 H.

183 3506 243 3560 pag.
259 3488 463 3559 204.Vaporem
476 3500 561 3539 autem
574 3504 690 3540 moxca·
776 3489 803 3539 6.
818 3486 908 3538 Triduo
921 3506 1000 3539 eruco
1013 3486 1065 3537 Vel
1076 3490 1157 3548 urr'co,
1173 3499 1204 3538 ut
1216 3487 1243 3540 iu
1321 3495 1325 3501 '

184 3567 266 3629 lorern
282 3568 400 3623 aestivum
414 3566 538 3637 intellige.
553 3566 643 3619 Hono.
681 3580 685 3587 ’
735 3566 800 3637 Reg.
814 3562 1038 3633 1,etParm.edit.
1053 3566 1161 3618 Aristot.
1175 3570 1246 3617 tertio

223 3646 367 3699 XXXVII.
384 3666 409 3700 ιι
421 3646 504 3699 Multo
512 3656 598 3698 autem.
610 3645 691 3699 Arist·
735 3644 787 3711 die,
805 3648 829 3698 Is
843 3647 919 3716 τρισὶν
928 3646 1029 3715 ἡμέραις
1041 3645 1141 3714 aripret
1152 3648 1246 3716 μικραί,

184 3725 252 3784 Hist.
264 3726 378 3779 Animal.
388 3726 433 3779 lib.
447 3727 483 3791 V,
497 3744 555 3796 cap.
576 3727 618 3791 18,
630 3743 690 3797 pag.
735 3723 832 3790 Gallis,
841 3726 949 3778 chenilie.
963 3726 1053 3777 Hann.

97 3862 102 3869 ,
186 3808 252 3875 597.
269 3806 359 3859 Hann.
777 3824 805 3876 7.
827 3806 898 3857 Doro
916 3807 1011 3856 cortice.
1032 3804 1084 3857 Net
1100 3823 1177 3857 eruca
1194 3804 1246 3857 cir-

224 3904 249 3937 a.
259 3886 351 3937 Insidet
361 3886 407 3939 liic.
420 3886 473 3937 llos
484 3884 623 3937 nimirum.
637 3881 670 3933 H.
735 3886 796 3938 crim
811 3904 837 3937 se
846 3924 854 3950 ,
863 3886 1023 3955 bombycum
1036 3882 1117 3935 modo
1131 3884 1188 3935 :ibi
1205 3885 1247 3936 in-

225 3970 249 4016 3.
271 3966 390 4035 Raplrani.
406 3965 498 4018 Graeca
511 3982 576 4017 voce
590 3982 639 4033 pro
653 3964 692 4017 la·
736 3976 779 4017 tus
786 3966 896 4035 obsepta
903 3975 1004 4036 turget,
1014 3976 1101 4015 crusta
1115 3981 1160 4014 seu
1175 3962 1246 4015 lolli-

185 4044 239 4097 tina
251 4044 385 4097 abutitur:
396 4064 456 4097 nam
467 4043 531 4097 dum
543 4043 692 4115 raphanum
736 4043 912 4097 culoduriore
921 4062 927 4096 :
937 4045 1037 4112 σκληρὸν
1045 4044 1094 4110 ἔχει
1102 4044 1129 4093 r'o
1137 4044 1247 4113 κέλυφος.

183 4122 265 4193 dicit,
280 4124 418 4177 brassicam
435 4123 576 4193 intelligit:
597 4122 692 4193 μᾶλιςιι
735 4124 816 4177 Arist.
831 4124 882 4185 loc.
898 4124 942 4176 cit.
960 4124 1051 4175 Haun.

183 4198 213 4274 da
225 4205 264 4257 itti
280 4210 321 4265 τῆς
338 4204 452 4275 ῥαφάνου,
463 4206 491 4260 itu
512 4204 612 4257 καλοῦσί
631 4223 691 4265 reuse
778 4206 804 4258 8.
812 4203 856 4255 Ad
864 4214 953 4255 tactum
965 4210 1057 4255 trintum
1067 4214 1181 4272 moretur,
1192 4222 1248 4253 oro·
